
<marc:record><marc:leader>01346cam a2200289 a 4500</marc:leader>
<marc:controlfield tag="001">bcotA000002</marc:controlfield>
<marc:controlfield tag="005">20131105120447.0</marc:controlfield><marc:controlfield tag="006">m     o  d        </marc:controlfield><marc:controlfield tag="007">cr cn ---uuuuu</marc:controlfield><marc:controlfield tag="008">131105s2013    xx      o     000 0 eng d</marc:controlfield><marc:datafield tag="035" ind1=" " ind2=" "><marc:subfield code="a">(Sirsi) sarah0026564</marc:subfield></marc:datafield><marc:datafield tag="035" ind1=" " ind2=" "><marc:subfield code="a">(OCoLC)884029014</marc:subfield></marc:datafield><marc:datafield tag="037" ind1=" " ind2=" "><marc:subfield code="b">BCOpenCampus</marc:subfield><marc:subfield code="c">CostFree</marc:subfield><marc:subfield code="f">FormOnline</marc:subfield><marc:subfield code="g">AccessOpen</marc:subfield></marc:datafield><marc:datafield tag="040" ind1=" " ind2=" "><marc:subfield code="a">BNM</marc:subfield><marc:subfield code="b">eng</marc:subfield><marc:subfield code="d">CaBSKC</marc:subfield></marc:datafield><marc:datafield tag="050" ind1=" " ind2="4"><marc:subfield code="a">P90</marc:subfield><marc:subfield code="b">C66 2013</marc:subfield></marc:datafield><marc:datafield tag="245" ind1="0" ind2="0"><marc:subfield code="a">Communication theory</marc:subfield></marc:datafield><marc:datafield tag="260" ind1=" " ind2=" "><marc:subfield code="a">[S.l.] :</marc:subfield><marc:subfield code="b">Wikibooks.org,</marc:subfield><marc:subfield code="c">2013.</marc:subfield></marc:datafield><marc:datafield tag="300" ind1=" " ind2=" "><marc:subfield code="a">1 online resource (119 p.)</marc:subfield></marc:datafield><marc:datafield tag="516" ind1=" " ind2=" "><marc:subfield code="a">Text (HTML, PDF), electronic book.</marc:subfield></marc:datafield><marc:datafield tag="520" ind1=" " ind2=" "><marc:subfield code="a">&quot;This book is an introduction to communication theory - the theory of how humans share, encode, and decode what they know, what they need, and what they expect from each other.&quot;--BCcampus website.</marc:subfield></marc:datafield><marc:datafield tag="588" ind1=" " ind2=" "><marc:subfield code="a">Description based on version viewed on BCcampus OpenEd, BC Open Textbook Project website; title from pdf title page.</marc:subfield></marc:datafield><marc:datafield tag="650" ind1=" " ind2="0"><marc:subfield code="a">Communication</marc:subfield><marc:subfield code="v">Textbooks.</marc:subfield></marc:datafield><marc:datafield tag="655" ind1=" " ind2="0"><marc:subfield code="a">Electronic books.</marc:subfield></marc:datafield><marc:datafield tag="710" ind1="2" ind2=" "><marc:subfield code="a">BC Open Textbook Project.</marc:subfield></marc:datafield><marc:datafield tag="710" ind1="2" ind2=" "><marc:subfield code="a">BCcampus.</marc:subfield></marc:datafield><marc:datafield tag="856" ind1="4" ind2="0"><marc:subfield code="3">BC Open Textbook Project.</marc:subfield><marc:subfield code="u">https://open.bccampus.ca/find-open-textbooks/?uuid=df4d269a-aaa6-47dd-9cb3-4f4eb381154f </marc:subfield></marc:datafield><marc:datafield tag="856" ind1="4" ind2="0"><marc:subfield code="3">Open PDF:</marc:subfield><marc:subfield code="u">http://solr.bccampus.ca:8001/bcc/items/df4d269a-aaa6-47dd-9cb3-4f4eb381154f/1/?attachment.uuid=6d3199db-6ff6-43f2-aa85-b5a186fcf31a</marc:subfield></marc:datafield></marc:record>