
<marc:record><marc:leader>01701cam a2200301 a 4500</marc:leader>
<marc:controlfield tag="001">bcotA000033</marc:controlfield>
<marc:controlfield tag="005">20140422112257.0</marc:controlfield><marc:controlfield tag="006">m     o  d        </marc:controlfield><marc:controlfield tag="007">cr cn ---uuuuu</marc:controlfield><marc:controlfield tag="008">140422s2013    nyu     o     000 0 eng d</marc:controlfield><marc:datafield tag="035" ind1=" " ind2=" "><marc:subfield code="a">(Sirsi) bcviu000347</marc:subfield></marc:datafield><marc:datafield tag="035" ind1=" " ind2=" "><marc:subfield code="a">(OCoLC)861340132</marc:subfield></marc:datafield><marc:datafield tag="037" ind1=" " ind2=" "><marc:subfield code="b">BCOpenCampus</marc:subfield><marc:subfield code="c">CostFree</marc:subfield><marc:subfield code="f">FormOnline</marc:subfield><marc:subfield code="g">AccessOpen</marc:subfield></marc:datafield><marc:datafield tag="040" ind1=" " ind2=" "><marc:subfield code="a">BNM</marc:subfield><marc:subfield code="b">eng</marc:subfield><marc:subfield code="d">CaBSKC</marc:subfield></marc:datafield><marc:datafield tag="050" ind1=" " ind2="4"><marc:subfield code="a">E77</marc:subfield><marc:subfield code="b">D74 2013</marc:subfield></marc:datafield><marc:datafield tag="100" ind1="1" ind2=" "><marc:subfield code="a">Stebbins, Susan.</marc:subfield></marc:datafield><marc:datafield tag="245" ind1="1" ind2="0"><marc:subfield code="a">Native peoples of North America</marc:subfield><marc:subfield code="c">Susan Stebbins.</marc:subfield></marc:datafield><marc:datafield tag="260" ind1=" " ind2=" "><marc:subfield code="a">New York :</marc:subfield><marc:subfield code="b">Open SUNY Textbooks,</marc:subfield><marc:subfield code="c">2013.</marc:subfield></marc:datafield><marc:datafield tag="300" ind1=" " ind2=" "><marc:subfield code="a">1 online resource.</marc:subfield></marc:datafield><marc:datafield tag="516" ind1=" " ind2=" "><marc:subfield code="a">Text (HTML, PDF), electronic book.</marc:subfield></marc:datafield><marc:datafield tag="520" ind1=" " ind2=" "><marc:subfield code="a">&quot;Native Peoples of North America is intended to be an introductory text about the Native peoples of North America (primarily the United States and Canada) presented from an anthropological perspective. As such, the text is organized around anthropological concepts such as language, kinship, marriage and family life, political and economic organization, food getting, spiritual and religious practices, and the arts. Prehistoric, historic and contemporary information is presented. Each chapter begins with an example from the oral tradition that reflects the theme of the chapter.&quot;--BCcampus website.</marc:subfield></marc:datafield><marc:datafield tag="588" ind1=" " ind2=" "><marc:subfield code="a">Description based on version viewed on BCcampus OpenEd, BC Open Textbook Project website; title from pdf title page.</marc:subfield></marc:datafield><marc:datafield tag="650" ind1=" " ind2="0"><marc:subfield code="a">Indians of North America</marc:subfield><marc:subfield code="v">Textbooks.</marc:subfield></marc:datafield><marc:datafield tag="655" ind1=" " ind2="0"><marc:subfield code="a">Electronic books.</marc:subfield></marc:datafield><marc:datafield tag="710" ind1="2" ind2=" "><marc:subfield code="a">Open SUNY Textbooks.</marc:subfield></marc:datafield><marc:datafield tag="710" ind1="2" ind2=" "><marc:subfield code="a">BC Open Textbook Project.</marc:subfield></marc:datafield><marc:datafield tag="710" ind1="2" ind2=" "><marc:subfield code="a">BCcampus.</marc:subfield></marc:datafield><marc:datafield tag="856" ind1="4" ind2="0"><marc:subfield code="3">BC Open Textbook Project.</marc:subfield><marc:subfield code="u">https://open.bccampus.ca/find-open-textbooks/?uuid=4bf6e136-9888-4a7c-aff5-2a8623d232d4 </marc:subfield></marc:datafield></marc:record>