
<marc:record><marc:leader>01793cam a2200301 i 4500</marc:leader>
<marc:controlfield tag="001">bcotA000098</marc:controlfield>
<marc:controlfield tag="006">m     o  d        </marc:controlfield><marc:controlfield tag="007">cr cn ---uuuuu</marc:controlfield><marc:controlfield tag="008">160107s2015    xx      o     000 0 eng d</marc:controlfield><marc:datafield tag="037" ind1=" " ind2=" "><marc:subfield code="b">BCOpenCampus</marc:subfield><marc:subfield code="c">CostFree</marc:subfield><marc:subfield code="f">FormOnline</marc:subfield><marc:subfield code="g">AccessOpen</marc:subfield></marc:datafield><marc:datafield tag="040" ind1=" " ind2=" "><marc:subfield code="a">BNM</marc:subfield><marc:subfield code="b">eng</marc:subfield><marc:subfield code="d">CaBSKC</marc:subfield></marc:datafield><marc:datafield tag="050" ind1=" " ind2="4"><marc:subfield code="a">PE1128.A3</marc:subfield><marc:subfield code="b">I95 2015</marc:subfield></marc:datafield><marc:datafield tag="100" ind1="1" ind2=" "><marc:subfield code="a">Ivits, Shantel.</marc:subfield></marc:datafield><marc:datafield tag="245" ind1="1" ind2="0"><marc:subfield code="a">BC reads.</marc:subfield><marc:subfield code="p">Adult literacy fundamental English.</marc:subfield><marc:subfield code="p">Reader.</marc:subfield><marc:subfield code="n">2</marc:subfield><marc:subfield code="c">Shantel Ivits.</marc:subfield></marc:datafield><marc:datafield tag="246" ind1="3" ind2=" "><marc:subfield code="a">Adult literacy fundamental English</marc:subfield></marc:datafield><marc:datafield tag="246" ind1="3" ind2=" "><marc:subfield code="a">British Columbia reads</marc:subfield></marc:datafield><marc:datafield tag="260" ind1=" " ind2=" "><marc:subfield code="a">[Victoria] :</marc:subfield><marc:subfield code="b">BCcampus, BC Open Textbook Project,</marc:subfield><marc:subfield code="c">c2015.</marc:subfield></marc:datafield><marc:datafield tag="300" ind1=" " ind2=" "><marc:subfield code="a">1 online resource (24 p.)</marc:subfield></marc:datafield><marc:datafield tag="516" ind1=" " ind2=" "><marc:subfield code="a">Text (HTML, PDF), electronic book.</marc:subfield></marc:datafield><marc:datafield tag="520" ind1=" " ind2=" "><marc:subfield code="a">&quot;This reader, written specifically for adults, contains eight chapters about Langston Hughes' family history and personal life. It includes excerpts from many of Hughes' poems and is designed to accompany the BC Reads: Adult Literacy Fundamental English - Course Pack 2. This level 2 reader, one of a series of six readers, is roughly equivalent to grades 1.5 to 3 in the K-12 system.&quot;--BCcampus website.</marc:subfield></marc:datafield><marc:datafield tag="588" ind1=" " ind2=" "><marc:subfield code="a">Description based on version viewed on BCcampus OpenEd website; title from pdf title page.</marc:subfield></marc:datafield><marc:datafield tag="650" ind1=" " ind2="0"><marc:subfield code="a">English language</marc:subfield><marc:subfield code="x">Study and teaching</marc:subfield><marc:subfield code="x">Foreign speakers</marc:subfield><marc:subfield code="v">Textbooks.</marc:subfield></marc:datafield><marc:datafield tag="655" ind1=" " ind2="0"><marc:subfield code="a">Electronic books.</marc:subfield></marc:datafield><marc:datafield tag="710" ind1="2" ind2=" "><marc:subfield code="a">BC Open Textbook Project.</marc:subfield></marc:datafield><marc:datafield tag="710" ind1="2" ind2=" "><marc:subfield code="a">BCcampus.</marc:subfield></marc:datafield><marc:datafield tag="856" ind1="4" ind2="0"><marc:subfield code="3">BC Open Textbook Project.</marc:subfield><marc:subfield code="u">https://open.bccampus.ca/find-open-textbooks/?uuid=eed25014-a7cc-4410-957c-ed931e5f7bd3</marc:subfield></marc:datafield><marc:datafield tag="856" ind1="4" ind2="0"><marc:subfield code="3">BC Open Textbook Project PDF file</marc:subfield><marc:subfield code="u">http://solr.bccampus.ca:8001/bcc/items/eed25014-a7cc-4410-957c-ed931e5f7bd3/1/?attachment.uuid=a8c3ee53-cb1d-4598-9e46-d3de24fb5697</marc:subfield></marc:datafield><marc:datafield tag="856" ind1="4" ind2="0"><marc:subfield code="3">BC Open Textbook Project HTML version.</marc:subfield><marc:subfield code="u">https://opentextbc.ca/abealfreader2/</marc:subfield></marc:datafield></marc:record>