
<marc:record><marc:leader>02415cam a2200325 i 4500</marc:leader>
<marc:controlfield tag="001">bcotA000102</marc:controlfield>
<marc:controlfield tag="006">m     o  d        </marc:controlfield><marc:controlfield tag="007">cr cn ---uuuuu</marc:controlfield><marc:controlfield tag="008">151201s2015    bcc     o     000 0 eng d</marc:controlfield><marc:datafield tag="035" ind1=" " ind2=" "><marc:subfield code="a">bcviu001948</marc:subfield></marc:datafield><marc:datafield tag="037" ind1=" " ind2=" "><marc:subfield code="b">BCOpenCampus</marc:subfield><marc:subfield code="c">CostFree</marc:subfield><marc:subfield code="f">FormOnline</marc:subfield><marc:subfield code="g">AccessOpen</marc:subfield></marc:datafield><marc:datafield tag="040" ind1=" " ind2=" "><marc:subfield code="a">BNM</marc:subfield><marc:subfield code="b">eng</marc:subfield><marc:subfield code="d">CaBSKC</marc:subfield></marc:datafield><marc:datafield tag="050" ind1=" " ind2="4"><marc:subfield code="a">RA410.5</marc:subfield><marc:subfield code="b">D69 2015</marc:subfield></marc:datafield><marc:datafield tag="100" ind1="1" ind2=" "><marc:subfield code="a">Doyle, Glynda Rees.</marc:subfield></marc:datafield><marc:datafield tag="245" ind1="1" ind2="0"><marc:subfield code="a">Clinical procedures for safer patient care</marc:subfield><marc:subfield code="c">Glynda Rees Doyle and Jodie Anita McCutcheon.</marc:subfield></marc:datafield><marc:datafield tag="260" ind1=" " ind2=" "><marc:subfield code="a">[Victoria] :</marc:subfield><marc:subfield code="b">BCcampus, BC Open Textbook Project,</marc:subfield><marc:subfield code="c">[2015]</marc:subfield></marc:datafield><marc:datafield tag="300" ind1=" " ind2=" "><marc:subfield code="a">1 online resource (743 p.)</marc:subfield></marc:datafield><marc:datafield tag="500" ind1=" " ind2=" "><marc:subfield code="a">&quot;Copyright 2015, BCIT&quot;--Web version home page http://opentextbc.ca/clinicalskills/.</marc:subfield></marc:datafield><marc:datafield tag="516" ind1=" " ind2=" "><marc:subfield code="a">Text (HTML, PDF), electronic book.</marc:subfield></marc:datafield><marc:datafield tag="520" ind1=" " ind2=" "><marc:subfield code="a">This open educational resource (OER) was developed to ensure best practice and quality care based on the latest evidence, and to address inconsistencies in how clinical health care skills are taught and practised in the clinical setting. The checklist approach, used in this textbook, aims to provide standardized processes for clinical skills and to help nursing schools and clinical practice partners keep procedural practice current. Each skill/procedure is covered in a chapter that has learning objectives, a brief overview of the relevant theory, checklists of steps for procedures with the rationale behind each step of the process, and a summary of key takeaways. Key terms are set in bold throughout the book and laid out again in a Glossary in the appendix. All 88 checklists are also summarized, and hyperlinked to the original checklist, in the appendix.&quot;--BC Campus website.</marc:subfield></marc:datafield><marc:datafield tag="588" ind1=" " ind2=" "><marc:subfield code="a">Description based on version viewed on BCcampus OpenEd website; title from pdf title page.</marc:subfield></marc:datafield><marc:datafield tag="650" ind1=" " ind2="0"><marc:subfield code="a">Patient care</marc:subfield><marc:subfield code="x">Safety measures</marc:subfield><marc:subfield code="v">Textbooks.</marc:subfield></marc:datafield><marc:datafield tag="650" ind1="2" ind2="2"><marc:subfield code="a">Patient care</marc:subfield><marc:subfield code="x">methods.</marc:subfield></marc:datafield><marc:datafield tag="655" ind1=" " ind2="0"><marc:subfield code="a">Electronic books.</marc:subfield></marc:datafield><marc:datafield tag="710" ind1="2" ind2=" "><marc:subfield code="a">BC Open Textbook Project,</marc:subfield><marc:subfield code="e">issuing body.</marc:subfield></marc:datafield><marc:datafield tag="710" ind1="2" ind2=" "><marc:subfield code="a">BCcampus.</marc:subfield></marc:datafield><marc:datafield tag="710" ind1="2" ind2=" "><marc:subfield code="a">British Columbia Institute of Technology.</marc:subfield></marc:datafield><marc:datafield tag="856" ind1="4" ind2="0"><marc:subfield code="3">BC Open Textbook Project.</marc:subfield><marc:subfield code="u">https://open.bccampus.ca/find-open-textbooks/?uuid=fbbb4840-eda5-4265-9f1c-d6d8008402a9</marc:subfield></marc:datafield><marc:datafield tag="856" ind1="4" ind2="0"><marc:subfield code="3">BC Open Textbook Project HTML version.</marc:subfield><marc:subfield code="u">https://opentextbc.ca/clinicalskills/</marc:subfield></marc:datafield><marc:datafield tag="856" ind1="4" ind2="0"><marc:subfield code="3">BC Open Textbook Project PDF version.</marc:subfield><marc:subfield code="u">https://opentextbc.ca/clinicalskills/open/download?filename=Clinical-Procedures-for-Safer-Patient-Care-1448396219&amp;type=pdf</marc:subfield></marc:datafield></marc:record>