
<marc:record><marc:leader>02543cam a2200289 i 4500</marc:leader>
<marc:controlfield tag="001">bcotA000103</marc:controlfield>
<marc:controlfield tag="006">m     o  d        </marc:controlfield><marc:controlfield tag="007">cr cn ---uuuuu</marc:controlfield><marc:controlfield tag="008">151201s2015    bcc     o     000 0 eng d</marc:controlfield><marc:datafield tag="035" ind1=" " ind2=" "><marc:subfield code="a">(Sirsi)bcviu000864</marc:subfield></marc:datafield><marc:datafield tag="035" ind1=" " ind2=" "><marc:subfield code="a">(OCoLC)861341268</marc:subfield></marc:datafield><marc:datafield tag="037" ind1=" " ind2=" "><marc:subfield code="b">BCOpenCampus</marc:subfield><marc:subfield code="c">CostFree</marc:subfield><marc:subfield code="f">FormOnline</marc:subfield><marc:subfield code="g">AccessOpen</marc:subfield></marc:datafield><marc:datafield tag="040" ind1=" " ind2=" "><marc:subfield code="a">BNM</marc:subfield><marc:subfield code="b">eng</marc:subfield><marc:subfield code="d">CaBSKC</marc:subfield></marc:datafield><marc:datafield tag="050" ind1=" " ind2="4"><marc:subfield code="a">PN45</marc:subfield><marc:subfield code="b">S75 2013</marc:subfield></marc:datafield><marc:datafield tag="100" ind1="1" ind2=" "><marc:subfield code="a">Steinberg, Theodore L.</marc:subfield></marc:datafield><marc:datafield tag="245" ind1="1" ind2="0"><marc:subfield code="a">Literature, the humanities, and humanity</marc:subfield><marc:subfield code="c">Theodore L. Steinberg.</marc:subfield></marc:datafield><marc:datafield tag="260" ind1=" " ind2=" "><marc:subfield code="a">New York :</marc:subfield><marc:subfield code="b">Open SUNY Textbooks,</marc:subfield><marc:subfield code="c">2013.</marc:subfield></marc:datafield><marc:datafield tag="300" ind1=" " ind2=" "><marc:subfield code="a">1 online resource (225 p.)</marc:subfield></marc:datafield><marc:datafield tag="516" ind1=" " ind2=" "><marc:subfield code="a">Text (HTML, PDF), electronic book.</marc:subfield></marc:datafield><marc:datafield tag="520" ind1=" " ind2=" "><marc:subfield code="a">Literature, the Humanities, and Humanity attempts to make the study of literature more than simply another school subject that students have to take. At a time when all subjects seem to be valued only for their testability, this book tries to show the value of reading and studying literature, even earlier literature. It shows students, some of whom will themselves become teachers, that literature actually has something to say to them. Furthermore, it shows that literature is meant to be enjoyed, that, as the Roman poet Horace (and his Renaissance disciple Sir Philip Sidney) said, the functions of literature are to teach and to delight. The book will also be useful to teachers who want to convey their passion for literature to their students. After an introductory chapter that offers advice on how to read (and teach) literature, the book consists of a series of chapters that examine individual literary works ranging from The Iliad to Charles Dickens Bleak House. These chapters can not substitute for reading the actual works. Rather they are intended to help students read those works. They are attempts to demystify the act of reading and to show that these works, whether they are nearly three thousand or less than two hundred years old, still have important things to say to contemporary readers.&quot;--BC Campus website</marc:subfield></marc:datafield><marc:datafield tag="588" ind1=" " ind2=" "><marc:subfield code="a">Description based on version viewed on BCcampus OpenEd website; title from pdf title page.</marc:subfield></marc:datafield><marc:datafield tag="650" ind1=" " ind2="0"><marc:subfield code="a">Literature</marc:subfield><marc:subfield code="v">Textbooks.</marc:subfield></marc:datafield><marc:datafield tag="655" ind1=" " ind2="0"><marc:subfield code="a">Electronic books.</marc:subfield></marc:datafield><marc:datafield tag="710" ind1="2" ind2=" "><marc:subfield code="a">BC Open Textbook Project.</marc:subfield></marc:datafield><marc:datafield tag="710" ind1="2" ind2=" "><marc:subfield code="a">BCcampus.</marc:subfield></marc:datafield><marc:datafield tag="856" ind1="4" ind2="0"><marc:subfield code="3">BC Open Textbook Project.</marc:subfield><marc:subfield code="u">https://open.bccampus.ca/find-open-textbooks/?uuid=e3daa803-298b-4e88-b8e9-06086175b17a</marc:subfield></marc:datafield><marc:datafield tag="856" ind1="4" ind2="0"><marc:subfield code="3">BC Open Textbook Project PDF version.</marc:subfield><marc:subfield code="u">http://solr.bccampus.ca:8001/bcc/items/e3daa803-298b-4e88-b8e9-06086175b17a/1/?attachment.uuid=8435188e-d7a0-49a9-b7b8-86e78378a117</marc:subfield></marc:datafield></marc:record>