
<marc:record><marc:leader>02385cam a2200325 a 4500</marc:leader>
<marc:controlfield tag="001">bcotA000107</marc:controlfield>
<marc:controlfield tag="005">20151008131539.0</marc:controlfield><marc:controlfield tag="006">m        u        </marc:controlfield><marc:controlfield tag="007">cr cn ---uuuuu</marc:controlfield><marc:controlfield tag="008">151007s2015    xx      s     000 0 eng d</marc:controlfield><marc:datafield tag="037" ind1=" " ind2=" "><marc:subfield code="b">BCOpenCampus</marc:subfield><marc:subfield code="c">CostFree</marc:subfield><marc:subfield code="f">FormOnline</marc:subfield><marc:subfield code="g">AccessOpen</marc:subfield></marc:datafield><marc:datafield tag="040" ind1=" " ind2=" "><marc:subfield code="a">BNM</marc:subfield><marc:subfield code="b">eng</marc:subfield><marc:subfield code="c">CaBNM</marc:subfield><marc:subfield code="d">CaBSKC</marc:subfield></marc:datafield><marc:datafield tag="050" ind1=" " ind2="4"><marc:subfield code="a">T55.A2</marc:subfield><marc:subfield code="b">L58 2015</marc:subfield></marc:datafield><marc:datafield tag="100" ind1="1" ind2=" "><marc:subfield code="a">Lidstone, Rod.</marc:subfield></marc:datafield><marc:datafield tag="245" ind1="1" ind2="0"><marc:subfield code="a">Trades access common core</marc:subfield><marc:subfield code="b">line A: safe work practices, competency A-4: describe personal safety practices /</marc:subfield><marc:subfield code="c">[Rod Lidstone, lead writer].</marc:subfield></marc:datafield><marc:datafield tag="246" ind1="3" ind2=" "><marc:subfield code="a">Safe work practices</marc:subfield></marc:datafield><marc:datafield tag="246" ind1="3" ind2=" "><marc:subfield code="a">Personal safety practices</marc:subfield></marc:datafield><marc:datafield tag="250" ind1=" " ind2=" "><marc:subfield code="a">October 2015, version 1.</marc:subfield></marc:datafield><marc:datafield tag="260" ind1=" " ind2=" "><marc:subfield code="a">[Victoria, B.C.] :</marc:subfield><marc:subfield code="b">Ministry of Technology, Innovation and Citizens’ Services,</marc:subfield><marc:subfield code="c">2015.</marc:subfield></marc:datafield><marc:datafield tag="300" ind1=" " ind2=" "><marc:subfield code="a">1 online resource (51 p.)</marc:subfield></marc:datafield><marc:datafield tag="500" ind1=" " ind2=" "><marc:subfield code="a">&quot;Copyright Camosun College&quot;--P. 2.</marc:subfield></marc:datafield><marc:datafield tag="516" ind1=" " ind2=" "><marc:subfield code="a">Text (HTML, PDF), electronic book.</marc:subfield></marc:datafield><marc:datafield tag="520" ind1=" " ind2=" "><marc:subfield code="a">&quot;These Learning Tasks describe the clothing and protective equipment workers must wear on the job site and the safety precautions they must take to protect themselves and others from injury. Special personal protective equipment (PPE) is required on the job site. The equipment used will depend on the hazards anticipated. When working at elevations, significant hazards are present and fall protection is normally required. Knowing the hazards allows workers to select methods to reduce the hazard and prevent injury. Workers often lift and move heavy and awkward objects. Failure to follow proper lifting procedures can cause serious and permanent back damage. The following list of lines and competencies was generated with the goal of creating an entry-level trades training resource, while still offering the flexibility for lines to be used as stand-alone books. Line A Books include: A-1 Control Workplace Hazards, A-2 Describe WorkSafeBC Regulations, A-3 Handle Hazardous Materials Safely, A-4 Describe Personal Safety Practices, A-5 Describe Fire Safety.&quot;--BC Campus website.</marc:subfield></marc:datafield><marc:datafield tag="650" ind1=" " ind2="0"><marc:subfield code="a">Industrial safety</marc:subfield><marc:subfield code="v">Textbooks.</marc:subfield></marc:datafield><marc:datafield tag="655" ind1=" " ind2="0"><marc:subfield code="a">Electronic books.</marc:subfield></marc:datafield><marc:datafield tag="710" ind1="2" ind2=" "><marc:subfield code="a">Camosun College.</marc:subfield></marc:datafield><marc:datafield tag="710" ind1="1" ind2=" "><marc:subfield code="a">British Columbia.</marc:subfield><marc:subfield code="b">Ministry of Technolgy, Innovation and Citizens' Services.</marc:subfield></marc:datafield><marc:datafield tag="710" ind1="2" ind2=" "><marc:subfield code="a">BC Open Textbook Project.</marc:subfield></marc:datafield><marc:datafield tag="710" ind1="2" ind2=" "><marc:subfield code="a">BCcampus.</marc:subfield></marc:datafield><marc:datafield tag="856" ind1="4" ind2="0"><marc:subfield code="3">BC Open Textbook Project.</marc:subfield><marc:subfield code="u">https://open.bccampus.ca/find-open-textbooks/?uuid=52ef105c-2889-4332-b47f-09c513dd140f</marc:subfield></marc:datafield></marc:record>