
<marc:record><marc:leader>02153cam a2200265 a 4500</marc:leader>
<marc:controlfield tag="001">bcotA000122</marc:controlfield>
<marc:controlfield tag="005">20150917123358.0</marc:controlfield><marc:controlfield tag="006">m        u        </marc:controlfield><marc:controlfield tag="007">cr cn ---uuuuu</marc:controlfield><marc:controlfield tag="008">150916s2015    xx      s     000 0 eng d</marc:controlfield><marc:datafield tag="037" ind1=" " ind2=" "><marc:subfield code="b">BCOpenCampus</marc:subfield><marc:subfield code="c">CostFree</marc:subfield><marc:subfield code="f">FormOnline</marc:subfield><marc:subfield code="g">AccessOpen</marc:subfield></marc:datafield><marc:datafield tag="040" ind1=" " ind2=" "><marc:subfield code="a">BNM</marc:subfield><marc:subfield code="b">eng</marc:subfield><marc:subfield code="c">CaBNM</marc:subfield><marc:subfield code="d">CaBSKC</marc:subfield></marc:datafield><marc:datafield tag="050" ind1=" " ind2="4"><marc:subfield code="a">TS1960</marc:subfield><marc:subfield code="b">B75 2015</marc:subfield></marc:datafield><marc:datafield tag="245" ind1="0" ind2="0"><marc:subfield code="a">Meat cutting and processing for food service</marc:subfield><marc:subfield code="c">BC Cook Articulation Committee.</marc:subfield></marc:datafield><marc:datafield tag="260" ind1=" " ind2=" "><marc:subfield code="a">[Victoria] :</marc:subfield><marc:subfield code="b">BCcampus, BC Open Textbook Project,</marc:subfield><marc:subfield code="c">2015</marc:subfield></marc:datafield><marc:datafield tag="300" ind1=" " ind2=" "><marc:subfield code="a">1 online resource (89 p.)</marc:subfield></marc:datafield><marc:datafield tag="516" ind1=" " ind2=" "><marc:subfield code="a">Text (HTML, PDF), electronic book.</marc:subfield></marc:datafield><marc:datafield tag="520" ind1=" " ind2=" "><marc:subfield code="a">&quot;This book is intended to give students a basic understanding of the various types of meat and poultry used in the food service industry, and of how the terminology used by retail, wholesale, and food service customers varies. Meat cutting for restaurants and hotels differs slightly from meat cutting for retail. Restaurants and hotels sometimes use names of cuts on menus that are common in the kitchen vernacular or in other jurisdictions like Europe or the United States, while retail meat cutters are bound by Canadian regulations regarding labelling and marketing of meat products to consumers for retail. Meat Cutting and Processing for Food Service is one of a series of Culinary Arts books developed to support the training of students and apprentices in British Columbia's food service and hospitality industry. Although created with the Professional Cook and Baker programs in mind, these have been designed as a modular series, and therefore can be used to support a wide variety of programs that offer training in food service skills.&quot;--BC Campus website.</marc:subfield></marc:datafield><marc:datafield tag="650" ind1=" " ind2="0"><marc:subfield code="a">Meat cutting</marc:subfield><marc:subfield code="v">Textbooks.</marc:subfield></marc:datafield><marc:datafield tag="655" ind1=" " ind2="0"><marc:subfield code="a">Electronic books.</marc:subfield></marc:datafield><marc:datafield tag="710" ind1="2" ind2=" "><marc:subfield code="a">BC Open Textbook Project.</marc:subfield></marc:datafield><marc:datafield tag="710" ind1="2" ind2=" "><marc:subfield code="a">British Columbia Cook Articulation Committee.</marc:subfield></marc:datafield><marc:datafield tag="710" ind1="2" ind2=" "><marc:subfield code="a">BCcampus.</marc:subfield></marc:datafield><marc:datafield tag="856" ind1="4" ind2="0"><marc:subfield code="3">BC Open Textbook Project HTML version.</marc:subfield><marc:subfield code="u">https://opentextbc.ca/meatcutting/</marc:subfield></marc:datafield><marc:datafield tag="856" ind1="4" ind2="0"><marc:subfield code="3">BC Open Textbook Project PDF version.</marc:subfield><marc:subfield code="u">http://solr.bccampus.ca:8001/bcc/items/8762ccf0-5053-43e9-a256-433b2bdcc4bd/1/?attachment.uuid=64cd64b1-5034-4baf-babd-f9f5843059cc</marc:subfield></marc:datafield></marc:record>