
<marc:record><marc:leader>01911cam a2200253 a 4500</marc:leader>
<marc:controlfield tag="001">bcotA000123</marc:controlfield>
<marc:controlfield tag="005">20150917123843.0</marc:controlfield><marc:controlfield tag="006">m        u        </marc:controlfield><marc:controlfield tag="007">cr cn ---uuuuu</marc:controlfield><marc:controlfield tag="008">150916s2014    xx      s     000 0 eng d</marc:controlfield><marc:datafield tag="037" ind1=" " ind2=" "><marc:subfield code="b">BCOpenCampus</marc:subfield><marc:subfield code="c">CostFree</marc:subfield><marc:subfield code="f">FormOnline</marc:subfield><marc:subfield code="g">AccessOpen</marc:subfield></marc:datafield><marc:datafield tag="040" ind1=" " ind2=" "><marc:subfield code="a">BNM</marc:subfield><marc:subfield code="b">eng</marc:subfield><marc:subfield code="c">CaBNM</marc:subfield><marc:subfield code="d">CaBSKC</marc:subfield></marc:datafield><marc:datafield tag="050" ind1=" " ind2="4"><marc:subfield code="a">TX911.3.M27</marc:subfield><marc:subfield code="b">B75 2014</marc:subfield></marc:datafield><marc:datafield tag="245" ind1="0" ind2="0"><marc:subfield code="a">Basic kitchen and food service management</marc:subfield><marc:subfield code="c">BC Cook Articulation Committee.</marc:subfield></marc:datafield><marc:datafield tag="260" ind1=" " ind2=" "><marc:subfield code="a">[Victoria] :</marc:subfield><marc:subfield code="b">BCcampus, BC Open Textbook Project,</marc:subfield><marc:subfield code="c">[2014?]</marc:subfield></marc:datafield><marc:datafield tag="300" ind1=" " ind2=" "><marc:subfield code="a">1 online resource (120 p.)</marc:subfield></marc:datafield><marc:datafield tag="516" ind1=" " ind2=" "><marc:subfield code="a">Text (HTML, PDF), electronic book.</marc:subfield></marc:datafield><marc:datafield tag="520" ind1=" " ind2=" "><marc:subfield code="a">&quot;Basic Kitchen and Food Service Management is one of a series of Culinary Arts open textbooks developed to support the training of students and apprentices in British Columbia's foodservice and hospitality industry. Although created with the Professional Cook, Baker and Meatcutter programs in mind, these have been designed as a modular series, and therefore can be used to support a wide variety of programs that offer training in foodservice skills. Other books in the series include: Food Safety, Sanitation, and Personal Hygiene Working in the Food Service Industry Workplace Safety in the Food Service Industry Meat Cutting and Processing Human Resources in the Food Service and Hospitality Industry Ingredients, Nutrition and Labelling Modern Pastry and Plated Dessert Techniques The series has been developed collaboratively with participation from public and private post-secondary institutions.&quot;--BC Campus website.</marc:subfield></marc:datafield><marc:datafield tag="650" ind1=" " ind2="0"><marc:subfield code="a">Food service management</marc:subfield><marc:subfield code="v">Textbooks.</marc:subfield></marc:datafield><marc:datafield tag="655" ind1=" " ind2="0"><marc:subfield code="a">Electronic books.</marc:subfield></marc:datafield><marc:datafield tag="710" ind1="2" ind2=" "><marc:subfield code="a">British Columbia Cook Articulation Committee.</marc:subfield></marc:datafield><marc:datafield tag="710" ind1="2" ind2=" "><marc:subfield code="a">BC Open Textbook Project.</marc:subfield></marc:datafield><marc:datafield tag="710" ind1="2" ind2=" "><marc:subfield code="a">BCcampus.</marc:subfield></marc:datafield><marc:datafield tag="856" ind1="4" ind2="0"><marc:subfield code="3">BC Open Textbook Project.</marc:subfield><marc:subfield code="u">https://open.bccampus.ca/find-open-textbooks/?uuid=390f5e1a-8ec4-45cf-9caf-b692536add2d&amp;contributor=&amp;keyword=&amp;subject=</marc:subfield></marc:datafield></marc:record>