
<marc:record><marc:leader>02184cam a2200349 i 4500</marc:leader>
<marc:controlfield tag="001">bcotA000136</marc:controlfield>
<marc:controlfield tag="006">m        u        </marc:controlfield><marc:controlfield tag="007">cr cn ---uuuuu</marc:controlfield><marc:controlfield tag="008">160107s2015    bcc     o     000 0 eng d</marc:controlfield><marc:datafield tag="037" ind1=" " ind2=" "><marc:subfield code="b">BCOpenCampus</marc:subfield><marc:subfield code="c">CostFree</marc:subfield><marc:subfield code="f">FormOnline</marc:subfield><marc:subfield code="g">AccessOpen</marc:subfield></marc:datafield><marc:datafield tag="040" ind1=" " ind2=" "><marc:subfield code="a">BNM</marc:subfield><marc:subfield code="b">eng</marc:subfield><marc:subfield code="c">CaBNM</marc:subfield><marc:subfield code="d">CaBSKC</marc:subfield></marc:datafield><marc:datafield tag="050" ind1=" " ind2="4"><marc:subfield code="a">TH165</marc:subfield><marc:subfield code="b">L583 2015</marc:subfield></marc:datafield><marc:datafield tag="100" ind1="1" ind2=" "><marc:subfield code="a">Lidstone, Rod.</marc:subfield></marc:datafield><marc:datafield tag="245" ind1="1" ind2="0"><marc:subfield code="a">Trades access common core.</marc:subfield><marc:subfield code="n">Line E,</marc:subfield><marc:subfield code="p">Electrical fundamentals,</marc:subfield><marc:subfield code="n">Competency E-4,</marc:subfield><marc:subfield code="p">Use multimeters</marc:subfield></marc:datafield><marc:datafield tag="246" ind1="3" ind2=" "><marc:subfield code="a">Electrical fundamentals</marc:subfield></marc:datafield><marc:datafield tag="246" ind1="3" ind2=" "><marc:subfield code="a">Use nultimeters</marc:subfield></marc:datafield><marc:datafield tag="250" ind1=" " ind2=" "><marc:subfield code="a">October 2015, Version 1.</marc:subfield></marc:datafield><marc:datafield tag="260" ind1=" " ind2=" "><marc:subfield code="a">[Victoria, B.C.] :</marc:subfield><marc:subfield code="b">Ministry of Technology, Innovation and Citizens’ Services,</marc:subfield><marc:subfield code="c">2015.</marc:subfield></marc:datafield><marc:datafield tag="300" ind1=" " ind2=" "><marc:subfield code="a">1 online resource (32 p.)</marc:subfield></marc:datafield><marc:datafield tag="500" ind1=" " ind2=" "><marc:subfield code="a">&quot;Copyright Camosun College&quot;--P. 2.</marc:subfield></marc:datafield><marc:datafield tag="516" ind1=" " ind2=" "><marc:subfield code="a">Text (HTML, PDF), electronic book.</marc:subfield></marc:datafield><marc:datafield tag="520" ind1=" " ind2=" "><marc:subfield code="a">&quot;Whether you choose to work in an electrical trade, a mechanical trade, or one of the construction trades, you will probably be faced with using and/or maintaining a variety of electrical measuring instruments. This Competency will introduce you to three basic meters for measuring voltage, current, and resistance. You must have a basic understanding of the purpose and operation of each type of meter before you attempt to use one. If you connect a meter incorrectly, you not only risk damaging the instrument, but more importantly, you or some innocent bystander could receive a serious electrical shock&quot;--BC Campus website.</marc:subfield></marc:datafield><marc:datafield tag="588" ind1=" " ind2=" "><marc:subfield code="a">Description based on online resource; title from pdf title page (viewed on January 7, 2016).</marc:subfield></marc:datafield><marc:datafield tag="650" ind1=" " ind2="0"><marc:subfield code="a">Voltohmmeters</marc:subfield><marc:subfield code="v">Textbooks.</marc:subfield></marc:datafield><marc:datafield tag="655" ind1=" " ind2="0"><marc:subfield code="a">Electronic books.</marc:subfield></marc:datafield><marc:datafield tag="710" ind1="2" ind2=" "><marc:subfield code="a">BC Open Textbook Project.</marc:subfield></marc:datafield><marc:datafield tag="710" ind1="2" ind2=" "><marc:subfield code="a">Camosun College.</marc:subfield></marc:datafield><marc:datafield tag="710" ind1="1" ind2=" "><marc:subfield code="a">British Columbia.</marc:subfield><marc:subfield code="b">Ministry of Technolgy, Innovation and Citizens' Services.</marc:subfield></marc:datafield><marc:datafield tag="710" ind1="2" ind2=" "><marc:subfield code="a">BC Open Textbook Project.</marc:subfield></marc:datafield><marc:datafield tag="710" ind1="2" ind2=" "><marc:subfield code="a">BCcampus.</marc:subfield></marc:datafield><marc:datafield tag="856" ind1="4" ind2="0"><marc:subfield code="3">BC Open Textbook Project.</marc:subfield><marc:subfield code="u">https://open.bccampus.ca/find-open-textbooks/?uuid=ebeca662-a6bb-49a2-9cb9-6be02cbbc1d9</marc:subfield></marc:datafield><marc:datafield tag="856" ind1="4" ind2="0"><marc:subfield code="3">BC Open Textbook Project PDF version.</marc:subfield><marc:subfield code="u">http://solr.bccampus.ca:8001/bcc/items/ebeca662-a6bb-49a2-9cb9-6be02cbbc1d9/1/?attachment.uuid=cb189988-db70-4904-a7bf-602257a74dd3</marc:subfield></marc:datafield></marc:record>