
<marc:record><marc:leader>02195cam a2200325 a 4500</marc:leader>
<marc:controlfield tag="001">bcotA000151</marc:controlfield>
<marc:controlfield tag="005">20160518113127.0</marc:controlfield><marc:controlfield tag="006">m        d        </marc:controlfield><marc:controlfield tag="007">cr cn ---uuuuu</marc:controlfield><marc:controlfield tag="008">160517s2016    nyu     o     000 0 eng d</marc:controlfield><marc:datafield tag="020" ind1=" " ind2=" "><marc:subfield code="a">9781942341253 (ebook)</marc:subfield></marc:datafield><marc:datafield tag="035" ind1=" " ind2=" "><marc:subfield code="a">(OCoLC)944246088</marc:subfield></marc:datafield><marc:datafield tag="037" ind1=" " ind2=" "><marc:subfield code="b">BCOpenCampus</marc:subfield><marc:subfield code="c">CostFree</marc:subfield><marc:subfield code="f">FormOnline</marc:subfield><marc:subfield code="g">AccessOpen</marc:subfield></marc:datafield><marc:datafield tag="040" ind1=" " ind2=" "><marc:subfield code="a">YGM</marc:subfield><marc:subfield code="b">eng</marc:subfield><marc:subfield code="c">YGM</marc:subfield><marc:subfield code="d">OCLCF</marc:subfield><marc:subfield code="d">CaBSKC</marc:subfield></marc:datafield><marc:datafield tag="050" ind1=" " ind2="4"><marc:subfield code="a">HF5387</marc:subfield><marc:subfield code="b">J56 2016</marc:subfield></marc:datafield><marc:datafield tag="100" ind1="1" ind2=" "><marc:subfield code="a">Jimenez, Guillermo C.</marc:subfield></marc:datafield><marc:datafield tag="245" ind1="1" ind2="0"><marc:subfield code="a">Good corporation, bad corporation</marc:subfield><marc:subfield code="b">corporate social responsibility in the global economy /</marc:subfield><marc:subfield code="c">Guillermo C. Jimenez, Elizabeth Pulos.</marc:subfield></marc:datafield><marc:datafield tag="260" ind1=" " ind2=" "><marc:subfield code="a">Geneseo, NY :</marc:subfield><marc:subfield code="b">Open SUNY Textbooks,</marc:subfield><marc:subfield code="c">2016.</marc:subfield></marc:datafield><marc:datafield tag="300" ind1=" " ind2=" "><marc:subfield code="a">1 online resource (228 p.) </marc:subfield></marc:datafield><marc:datafield tag="516" ind1=" " ind2=" "><marc:subfield code="a">Text (HTML, PDF), electronic book.</marc:subfield></marc:datafield><marc:datafield tag="520" ind1=" " ind2=" "><marc:subfield code="a">&quot;This textbook provides an innovative, internationally-oriented approach to the teaching of corporate social responsibility (CSR) and business ethics. Drawing on case studies in- volving companies and countries around the world, the textbook explores the social, ethical and business dynamics underlying CSR in areas such as: global warming, genetically-mod- ified organisms (GMO) in food production, free trade and fair trade, anti-sweatshop and living-wage movements, organic foods and textiles, ethical marketing practices and codes, corporate speech and lobbying, and social enterprise. The book is designed to encourage students and instructors to challenge their own assumptions and prejudices by stimulating a class debate based on each case study.&quot;--BC Campus website.</marc:subfield></marc:datafield><marc:datafield tag="588" ind1=" " ind2=" "><marc:subfield code="a">Description based on online resource; title from pdf title page (viewed on May 18, 2016).</marc:subfield></marc:datafield><marc:datafield tag="650" ind1=" " ind2="0"><marc:subfield code="a">Business ethics</marc:subfield><marc:subfield code="v">Textbooks.</marc:subfield></marc:datafield><marc:datafield tag="655" ind1=" " ind2="0"><marc:subfield code="a">Electronic books.</marc:subfield></marc:datafield><marc:datafield tag="710" ind1="2" ind2=" "><marc:subfield code="a">Open SUNY Textbooks.</marc:subfield></marc:datafield><marc:datafield tag="710" ind1="2" ind2=" "><marc:subfield code="a">BC Open Textbook Project.</marc:subfield></marc:datafield><marc:datafield tag="710" ind1="2" ind2=" "><marc:subfield code="a">BCcampus.</marc:subfield></marc:datafield><marc:datafield tag="856" ind1="4" ind2="0"><marc:subfield code="3">BC Open Textbook Project.</marc:subfield><marc:subfield code="u">https://open.bccampus.ca/find-open-textbooks/?uuid=70fa0825-d41b-4519-975b-71bc2ea1f704</marc:subfield></marc:datafield><marc:datafield tag="856" ind1="4" ind2="0"><marc:subfield code="3">BC Open Textbook Project.</marc:subfield><marc:subfield code="u">http://solr.bccampus.ca:8001/bcc/file/70fa0825-d41b-4519-975b-71bc2ea1f704/1/Good-Corp-Bad-Corp.pdf</marc:subfield><marc:subfield code="q">pdf</marc:subfield></marc:datafield><marc:datafield tag="856" ind1="4" ind2="0"><marc:subfield code="3">Open SUNY.</marc:subfield><marc:subfield code="u">http://pressbooks.opensuny.org/good-corporation-bad-corporation/</marc:subfield></marc:datafield></marc:record>