
<marc:record><marc:leader>03221nai a2200361 a 4500</marc:leader>
<marc:controlfield tag="001">bcotA000152</marc:controlfield>
<marc:controlfield tag="005">20160518114001.0</marc:controlfield><marc:controlfield tag="006">m        d        </marc:controlfield><marc:controlfield tag="006">g|||        o   vl</marc:controlfield><marc:controlfield tag="007">cr cn ---uuuuu</marc:controlfield><marc:controlfield tag="008">160602c20119999txuuu w o     0    2eng d</marc:controlfield><marc:datafield tag="035" ind1=" " ind2=" "><marc:subfield code="a">(OCoLC)951067061</marc:subfield></marc:datafield><marc:datafield tag="037" ind1=" " ind2=" "><marc:subfield code="b">BCOpenCampus</marc:subfield><marc:subfield code="c">CostFree</marc:subfield><marc:subfield code="f">FormOnline</marc:subfield><marc:subfield code="g">AccessOpen</marc:subfield></marc:datafield><marc:datafield tag="040" ind1=" " ind2=" "><marc:subfield code="a">K6U</marc:subfield><marc:subfield code="b">eng</marc:subfield><marc:subfield code="c">K6U</marc:subfield></marc:datafield><marc:datafield tag="050" ind1=" " ind2="4"><marc:subfield code="a">PC2073</marc:subfield><marc:subfield code="b">F74 2016</marc:subfield></marc:datafield><marc:datafield tag="130" ind1="0" ind2=" "><marc:subfield code="a">Français interactif (University of Texas at Austin. Department of French and Italian)</marc:subfield></marc:datafield><marc:datafield tag="245" ind1="0" ind2="0"><marc:subfield code="a">Français interactif</marc:subfield><marc:subfield code="c">University of Texas, Department of French and Italian.</marc:subfield></marc:datafield><marc:datafield tag="250" ind1=" " ind2=" "><marc:subfield code="a">Third edition.</marc:subfield></marc:datafield><marc:datafield tag="260" ind1=" " ind2=" "><marc:subfield code="a">[Austin, TX :</marc:subfield><marc:subfield code="b">Department of French and Italian, University of Texas at Austin,</marc:subfield><marc:subfield code="c">[2011]-</marc:subfield></marc:datafield><marc:datafield tag="300" ind1=" " ind2=" "><marc:subfield code="a">1 online resource.</marc:subfield></marc:datafield><marc:datafield tag="500" ind1=" " ind2=" "><marc:subfield code="a">&quot;Français interactif, used increasingly by students,teachers, and institutions throughout the world, iincludes 320 videos, recorded vocabulary lists, phonetic lessons, online grammar lessons (600 pages) with self-correcting exercises and audio dialogues, online grammar tools (verb conjugation reference, verb practice), and diagnostic grammar tests. The accompanying textbook of classroom activities and homework is downloadable from the website in pdf format and available from the online publisher, qoop.com&quot;--Preface.</marc:subfield></marc:datafield><marc:datafield tag="500" ind1=" " ind2=" "><marc:subfield code="a">&quot;Français interactif was developed at the University of Texas Austin in the Department of French and Italian. It has been funded and created by Liberal Arts Instructional Technology Services at the Univeristy of Texas, and is currently supported by U.S. Department of Education Fund for the Improvement of Post-Secondary Education (FIPSE Grant P116B070251) as an example of the open access initiative&quot;--Preface.</marc:subfield></marc:datafield><marc:datafield tag="516" ind1=" " ind2=" "><marc:subfield code="a">Interactive web-based multimedia resource.</marc:subfield></marc:datafield><marc:datafield tag="520" ind1=" " ind2=" "><marc:subfield code="a">&quot;Français interactif, www.laits.utexas.edu/fi, the web-based French program developed and in use at the University of Texas since 2004, and its companion site, Tex's French Grammar (2000) www.laits.utexas.edu/tex/ are open acess sites, free and open multimedia resources, which require neither password nor fees. Français interactif, used increasingly by students, teachers, and institutions throughout the world, includes 320 videos (American students in France, native French interviews, vocabulary and culture presentation videos) recorded vocabulary lists, phonetic lessons, online grammar lessons (600 pages) with self-correcting exercises and audio dialogues, online grammar tools (verb conjugation reference, verb practice), and diagnostic grammar tests.&quot;--BC Campus website.</marc:subfield></marc:datafield><marc:datafield tag="588" ind1=" " ind2=" "><marc:subfield code="a">Description based on textbook pdf; title from title screen (viewed June 2, 2016).</marc:subfield></marc:datafield><marc:datafield tag="650" ind1=" " ind2="0"><marc:subfield code="a">French language</marc:subfield><marc:subfield code="v">Textbooks for foreign speakers</marc:subfield><marc:subfield code="x">English.</marc:subfield></marc:datafield><marc:datafield tag="655" ind1=" " ind2="0"><marc:subfield code="a">Electronic books.</marc:subfield></marc:datafield><marc:datafield tag="710" ind1="1" ind2=" "><marc:subfield code="a">University of Texas at Austin.</marc:subfield><marc:subfield code="b">Department of French and Italian.</marc:subfield></marc:datafield><marc:datafield tag="710" ind1="1" ind2=" "><marc:subfield code="a">University of Texas at Austin.</marc:subfield><marc:subfield code="b">Liberal Arts ITS.</marc:subfield></marc:datafield><marc:datafield tag="710" ind1="2" ind2=" "><marc:subfield code="a">BC Open Textbook Project.</marc:subfield></marc:datafield><marc:datafield tag="710" ind1="2" ind2=" "><marc:subfield code="a">BCcampus.</marc:subfield></marc:datafield><marc:datafield tag="856" ind1="4" ind2="0"><marc:subfield code="3">University of Texas at Austin, LAITS.</marc:subfield><marc:subfield code="u">http://www.laits.utexas.edu/fi/</marc:subfield></marc:datafield><marc:datafield tag="856" ind1="4" ind2="0"><marc:subfield code="3">BC Open Textbook Project.</marc:subfield><marc:subfield code="u">https://open.bccampus.ca/find-open-textbooks/?uuid=a8fc64d9-5037-4384-a6dd-6961f2de55e7</marc:subfield></marc:datafield></marc:record>