
<marc:record><marc:leader>02452cam a2200325 a 4500</marc:leader>
<marc:controlfield tag="001">bcotA000156</marc:controlfield>
<marc:controlfield tag="005">20160819110744.0</marc:controlfield><marc:controlfield tag="006">m        u        </marc:controlfield><marc:controlfield tag="007">cr cn ---uuuuu</marc:controlfield><marc:controlfield tag="008">160819s2012    dcu     o     000 0 eng d</marc:controlfield><marc:datafield tag="035" ind1=" " ind2=" "><marc:subfield code="a">(OCoLC)959336725</marc:subfield></marc:datafield><marc:datafield tag="037" ind1=" " ind2=" "><marc:subfield code="b">BCOpenCampus</marc:subfield><marc:subfield code="c">CostFree</marc:subfield><marc:subfield code="f">FormOnline</marc:subfield><marc:subfield code="g">AccessOpen</marc:subfield></marc:datafield><marc:datafield tag="040" ind1=" " ind2=" "><marc:subfield code="a">BNM</marc:subfield><marc:subfield code="b">eng</marc:subfield><marc:subfield code="d">CaBSKC</marc:subfield></marc:datafield><marc:datafield tag="050" ind1=" " ind2="4"><marc:subfield code="a">HF5415.1265</marc:subfield><marc:subfield code="b">S76 2012</marc:subfield></marc:datafield><marc:datafield tag="100" ind1="1" ind2=" "><marc:subfield code="a">Stokes, Rob.</marc:subfield></marc:datafield><marc:datafield tag="245" ind1="1" ind2="0"><marc:subfield code="a">eMarketing</marc:subfield><marc:subfield code="b">the essential guide to online marketing /</marc:subfield><marc:subfield code="c">Rob Stokes.</marc:subfield></marc:datafield><marc:datafield tag="260" ind1=" " ind2=" "><marc:subfield code="a">[Washington, DC] :</marc:subfield><marc:subfield code="b">Saylor Academy,</marc:subfield><marc:subfield code="c">2012.</marc:subfield></marc:datafield><marc:datafield tag="300" ind1=" " ind2=" "><marc:subfield code="a">1 online resource (492 p.)</marc:subfield></marc:datafield><marc:datafield tag="516" ind1=" " ind2=" "><marc:subfield code="a">Text (HTML, PDF), electronic book.</marc:subfield></marc:datafield><marc:datafield tag="520" ind1=" " ind2=" "><marc:subfield code="a">&quot;eMarketing: The Essential Guide to Online Marketing is a textbook intended for third and fourth year marketing students and draws on both academic theory and practical experience. The book offers students information that is applicable to the eMarket industry by providing examples that are easily relatable. The book covers all of the important aspects of online marketing, including the areas associated with search engine marketing, affiliate marketing, web analytics and conversion optimisation, web development, online copywriting, online advertising, webPR, online reputation management, pay per click advertising, viral marketing, social media marketing, search engine optimisation, eMarketing strategy, market research, mobile marketing, crowd sourcing, and customer relationship management. The book also features summaries, learning objectives and discussion points for each chapter, as well as, a glossary and index.&quot;--BC Campus website.</marc:subfield></marc:datafield><marc:datafield tag="590" ind1=" " ind2=" "><marc:subfield code="a">Made available online by BCcampus BC Open Textbook Project.</marc:subfield></marc:datafield><marc:datafield tag="588" ind1=" " ind2=" "><marc:subfield code="a">Description based on online resource; title from pdf title page (viewed on August 19, 2016).</marc:subfield></marc:datafield><marc:datafield tag="650" ind1=" " ind2="0"><marc:subfield code="a">Internet marketing</marc:subfield><marc:subfield code="v">Textbooks.</marc:subfield></marc:datafield><marc:datafield tag="655" ind1=" " ind2="0"><marc:subfield code="a">Electronic books.</marc:subfield></marc:datafield><marc:datafield tag="710" ind1="2" ind2=" "><marc:subfield code="a">Saylor Academy.</marc:subfield></marc:datafield><marc:datafield tag="710" ind1="2" ind2=" "><marc:subfield code="a">BC Open Textbook Project.</marc:subfield></marc:datafield><marc:datafield tag="710" ind1="2" ind2=" "><marc:subfield code="a">BCcampus.</marc:subfield></marc:datafield><marc:datafield tag="856" ind1="4" ind2="0"><marc:subfield code="3">Saylor Academy:</marc:subfield><marc:subfield code="u">https://saylordotorg.github.io/text_emarketing-the-essential-guide-to-online-marketing/</marc:subfield></marc:datafield><marc:datafield tag="856" ind1="4" ind2="0"><marc:subfield code="3">BC Open Textbook Project title homepage:</marc:subfield><marc:subfield code="u">https://open.bccampus.ca/find-open-textbooks/?uuid=65ed5b9b-a7dc-4e73-ae37-76e23e04ee46&amp;contributor=&amp;keyword=&amp;subject=</marc:subfield></marc:datafield><marc:datafield tag="856" ind1="4" ind2="0"><marc:subfield code="3">BC Open Textbook Project PDF file.</marc:subfield><marc:subfield code="u">http://solr.bccampus.ca:8001/bcc/file/65ed5b9b-a7dc-4e73-ae37-76e23e04ee46/1/eMarketing%20-%20The%20Essential%20Guide%20to%20Online%20Marketing.pdf</marc:subfield></marc:datafield></marc:record>