
<marc:record><marc:leader>02448cai a2200373Ia 4500</marc:leader>
<marc:controlfield tag="001">bcotA000161</marc:controlfield>
<marc:controlfield tag="005">20160926111350.0</marc:controlfield><marc:controlfield tag="006">m     o  d        </marc:controlfield><marc:controlfield tag="007">cr mn|||||||||</marc:controlfield><marc:controlfield tag="008">160831c20169999vauuu   o b   0    2eng d</marc:controlfield><marc:datafield tag="040" ind1=" " ind2=" "><marc:subfield code="a">COF</marc:subfield><marc:subfield code="b">eng</marc:subfield><marc:subfield code="c">COF</marc:subfield><marc:subfield code="d">OCLCF</marc:subfield><marc:subfield code="d">K6U</marc:subfield></marc:datafield><marc:datafield tag="035" ind1=" " ind2=" "><marc:subfield code="a">(OCoLC)957556469</marc:subfield></marc:datafield><marc:datafield tag="050" ind1=" " ind2="4"><marc:subfield code="a">HF1008</marc:subfield><marc:subfield code="b">.S57eb</marc:subfield></marc:datafield><marc:datafield tag="100" ind1="1" ind2=" "><marc:subfield code="a">Skripak, Stephen J.</marc:subfield></marc:datafield><marc:datafield tag="245" ind1="1" ind2="0"><marc:subfield code="a">Fundamentals of business</marc:subfield><marc:subfield code="c">by Stephen J. Skripak.</marc:subfield></marc:datafield><marc:datafield tag="260" ind1=" " ind2=" "><marc:subfield code="a">Blacksburg, Virginia :</marc:subfield><marc:subfield code="b">Pamplin College of Business and Virginia Tech Libraries, Virginia Tech,</marc:subfield><marc:subfield code="c">2016-</marc:subfield></marc:datafield><marc:datafield tag="300" ind1=" " ind2=" "><marc:subfield code="a">1 online resource :</marc:subfield><marc:subfield code="b">illustrations (chiefly colour)</marc:subfield></marc:datafield><marc:datafield tag="310" ind1=" " ind2=" "><marc:subfield code="a">Updated irregularly.</marc:subfield></marc:datafield><marc:datafield tag="504" ind1=" " ind2=" "><marc:subfield code="a">Includes bibliographical references.</marc:subfield></marc:datafield><marc:datafield tag="500" ind1=" " ind2=" "><marc:subfield code="a">&quot;This work, excluding Chapter 15, is licensed with a Creative Commons Attribution-Non-Commercial-ShareAlike 3.0 license https://creativecommons.org/licenses/by-nc-sa/3.0/us/. Chapter 15 of this work is licensed with a Creative Commons Attribution 4.0 International https://creativecommons.org/licenses/by/4.0 license.&quot;--title page verso.</marc:subfield></marc:datafield><marc:datafield tag="516" ind1=" " ind2=" "><marc:subfield code="a">Text (HTML, PDF), electronic book.</marc:subfield></marc:datafield><marc:datafield tag="520" ind1=" " ind2=" "><marc:subfield code="a">&quot;Fundamentals of Business (2016) is an openly licensed textbook designed for use in Virginia Tech’s Pamplin College of Business introductory level business course, MGT1984 Foundations of Business. This work is a project of University Libraries and the Pamplin College of Business, Virginia Tech.&quot;--Open Textbook Library.</marc:subfield></marc:datafield><marc:datafield tag="588" ind1=" " ind2=" "><marc:subfield code="a">Description based on online version, 2016 edition; Title from PDF (viewed on August 31, 2016)</marc:subfield></marc:datafield><marc:datafield tag="590" ind1=" " ind2=" "><marc:subfield code="a">Made available online by BCcampus BC Open Textbook Project.</marc:subfield></marc:datafield><marc:datafield tag="650" ind1=" " ind2="0"><marc:subfield code="a">Business.</marc:subfield></marc:datafield><marc:datafield tag="655" ind1=" " ind2="0"><marc:subfield code="a">Electronic books.</marc:subfield></marc:datafield><marc:datafield tag="710" ind1="2" ind2=" "><marc:subfield code="a">Pamplin College of Business (Virginia Polytechnic Institute and State University),</marc:subfield><marc:subfield code="e">issuing body</marc:subfield></marc:datafield><marc:datafield tag="710" ind1="2" ind2=" "><marc:subfield code="a">Virginia Polytechnic Institute and State University.</marc:subfield><marc:subfield code="b">University Libraries,</marc:subfield><marc:subfield code="e">issuing body</marc:subfield></marc:datafield><marc:datafield tag="710" ind1="2" ind2=" "><marc:subfield code="a">Open Textbook Library.</marc:subfield></marc:datafield><marc:datafield tag="710" ind1="2" ind2=" "><marc:subfield code="a">BC Open Textbook Project.</marc:subfield></marc:datafield><marc:datafield tag="710" ind1="2" ind2=" "><marc:subfield code="a">BCcampus.</marc:subfield></marc:datafield><marc:datafield tag="856" ind1="4" ind2="0"><marc:subfield code="3">BC Open Textbook Project title homepage:</marc:subfield><marc:subfield code="u">https://open.bccampus.ca/find-open-textbooks/?uuid=ecd711cd-2008-4ff2-b850-a9fab31a4309&amp;contributor=&amp;keyword=&amp;subject=</marc:subfield></marc:datafield><marc:datafield tag="856" ind1="4" ind2="0"><marc:subfield code="3">BC Open Textbook Project PDF file:</marc:subfield><marc:subfield code="u">http://solr.bccampus.ca:8001/bcc/file/ecd711cd-2008-4ff2-b850-a9fab31a4309/1/Fundamentals%20of%20Business%20%28complete%29.pdf</marc:subfield></marc:datafield><marc:datafield tag="856" ind1="4" ind2="0"><marc:subfield code="3">Open Textbook Library:</marc:subfield><marc:subfield code="u">https://open.umn.edu/opentextbooks/BookDetail.aspx?bookId=319</marc:subfield></marc:datafield></marc:record>