
<marc:record><marc:leader>04174cam a2200349 a 4500</marc:leader>
<marc:controlfield tag="001">bcotA000162</marc:controlfield>
<marc:controlfield tag="005">20160926111854.0</marc:controlfield><marc:controlfield tag="006">m        u        </marc:controlfield><marc:controlfield tag="007">cr cn ---uuuuu</marc:controlfield><marc:controlfield tag="008">160926s2016    nyu     o     000 0 eng d</marc:controlfield><marc:datafield tag="020" ind1=" " ind2=" "><marc:subfield code="a">9781942341222 (pdf)</marc:subfield></marc:datafield><marc:datafield tag="035" ind1=" " ind2=" "><marc:subfield code="a">(OCoLC)940959238</marc:subfield></marc:datafield><marc:datafield tag="037" ind1=" " ind2=" "><marc:subfield code="b">BCOpenCampus</marc:subfield><marc:subfield code="c">CostFree</marc:subfield><marc:subfield code="f">FormOnline</marc:subfield><marc:subfield code="g">AccessOpen</marc:subfield></marc:datafield><marc:datafield tag="040" ind1=" " ind2=" "><marc:subfield code="a">BNM</marc:subfield><marc:subfield code="b">eng</marc:subfield><marc:subfield code="d">K6U</marc:subfield></marc:datafield><marc:datafield tag="050" ind1=" " ind2="4"><marc:subfield code="a">LC149</marc:subfield><marc:subfield code="b">S74 2016</marc:subfield></marc:datafield><marc:datafield tag="245" ind1="0" ind2="0"><marc:subfield code="a">Steps to success</marc:subfield><marc:subfield code="b">crossing the bridge between literacy research and practice /</marc:subfield><marc:subfield code="c">edited by Kristen A. Munger.</marc:subfield></marc:datafield><marc:datafield tag="260" ind1=" " ind2=" "><marc:subfield code="a">Geneseo, NY :</marc:subfield><marc:subfield code="b">Open SUNY Textbooks,</marc:subfield><marc:subfield code="c">[2016]</marc:subfield></marc:datafield><marc:datafield tag="300" ind1=" " ind2=" "><marc:subfield code="a">1 online resource (xv, 212 p.)</marc:subfield></marc:datafield><marc:datafield tag="505" ind1="0" ind2="0"><marc:subfield code="a"></marc:subfield><marc:subfield code="g"> 1. </marc:subfield><marc:subfield code="t"> A Brief Introduction to Literacy / </marc:subfield><marc:subfield code="r"> Kristen A. Munger -- </marc:subfield><marc:subfield code="g"> 2. </marc:subfield><marc:subfield code="t"> Key Ideas for Evaluating Scientifically-Based Approaches to Literacy Instruction / </marc:subfield><marc:subfield code="r"> Kristen A. Munger -- </marc:subfield><marc:subfield code="g"> 3. </marc:subfield><marc:subfield code="t"> Word Recognition Skills: One of Two Essential Components of Reading Comprehension / </marc:subfield><marc:subfield code="r"> Maria S. Murray -- </marc:subfield><marc:subfield code="g"> 4. </marc:subfield><marc:subfield code="t"> Language Comprehension Ability: One of Two Essential Components of Reading Comprehension / </marc:subfield><marc:subfield code="r"> Maria S. Murray -- </marc:subfield><marc:subfield code="g"> 5. </marc:subfield><marc:subfield code="t"> Types of Literacy Assessment: Principles, Procedures, and Applications / </marc:subfield><marc:subfield code="r"> Kristen A. Munger -- </marc:subfield><marc:subfield code="g"> 6. </marc:subfield><marc:subfield code="t"> Approaches to Writing Instruction in Elementary Classrooms / </marc:subfield><marc:subfield code="r"> Vicki McQuitty -- </marc:subfield><marc:subfield code="g"> 7. </marc:subfield><marc:subfield code="t"> Influence of the Digital Age on Children's Literature and Its Use in the Classroom / </marc:subfield><marc:subfield code="r"> Joanna M. Robertson -- </marc:subfield><marc:subfield code="g"> 8. </marc:subfield><marc:subfield code="t"> Helping English Language Learners Develop Literacy Skills and Succeed Academically / </marc:subfield><marc:subfield code="r"> Tess M. Dussling -- </marc:subfield><marc:subfield code="g"> 9. </marc:subfield><marc:subfield code="t"> Literacy Instruction for Students with Intellectual and Developmental Disabilities / </marc:subfield><marc:subfield code="r"> Michelle A. Duffy -- </marc:subfield><marc:subfield code="g"> 10. </marc:subfield><marc:subfield code="t"> Twenty-First Century Perspectives on Adolescent Literacy and Instruction / </marc:subfield><marc:subfield code="r"> Elizabeth C. Lewis -- </marc:subfield><marc:subfield code="g"> 11. </marc:subfield><marc:subfield code="t"> Teaching as a Writer--Assigning as a Reader / </marc:subfield><marc:subfield code="r"> Bryan Ripley Crandall -- </marc:subfield><marc:subfield code="g"> 12. </marc:subfield><marc:subfield code="t"> Culturally Responsive Disciplinary Literacy Strategies Instruction / </marc:subfield><marc:subfield code="r"> Kathleen A. Cullen -- </marc:subfield><marc:subfield code="g"> 13. </marc:subfield><marc:subfield code="t"> World Language and Literacy Learning / </marc:subfield><marc:subfield code="r"> Joanne E. O'Toole -- </marc:subfield><marc:subfield code="g"> 14. </marc:subfield><marc:subfield code="t"> Teacher Discourses and Identities: Understanding Your Teaching Self / </marc:subfield><marc:subfield code="r"> Elizabeth Y. Stevens.</marc:subfield></marc:datafield><marc:datafield tag="516" ind1=" " ind2=" "><marc:subfield code="a">Text (HTML, PDF), electronic book.</marc:subfield></marc:datafield><marc:datafield tag="520" ind1=" " ind2=" "><marc:subfield code="a">&quot;Steps to Success: Crossing the Bridge Between Literacy Research and Practice introduces instructional strategies linked to the most current research-supported practices in the field of literacy. The book includes chapters related to scientifically-based literacy research, early literacy development, literacy assessment, digital age influences on children's literature, literacy development in underserved student groups, secondary literacy instructional strategies, literacy and modern language, and critical discourse analysis. Chapters are written by authors with expertise in both college teaching and the delivery of research-supported literacy practices in schools. The book features detailed explanations of a wide variety of literacy strategies that can be implemented by both beginning and expert practitioners. Readers will gain knowledge about topics frequently covered in college literacy courses, along with guided practice for applying this knowledge in their future or current classrooms. The book's success-oriented framework helps guide educators toward improving their own practices and is designed to foster the literacy development of students of all ages.&quot;--BC Campus website.</marc:subfield></marc:datafield><marc:datafield tag="588" ind1=" " ind2=" "><marc:subfield code="a">Description based on online resource; title from pdf title page (viewed on September 26, 2016).</marc:subfield></marc:datafield><marc:datafield tag="590" ind1=" " ind2=" "><marc:subfield code="a">Made available online by BCcampus BC Open Textbook Project.</marc:subfield></marc:datafield><marc:datafield tag="650" ind1=" " ind2="0"><marc:subfield code="a">Literacy</marc:subfield><marc:subfield code="v">Textbooks.</marc:subfield></marc:datafield><marc:datafield tag="655" ind1=" " ind2="0"><marc:subfield code="a">Electronic books.</marc:subfield></marc:datafield><marc:datafield tag="700" ind1="1" ind2=" "><marc:subfield code="a">Munger, Kristen A..</marc:subfield></marc:datafield><marc:datafield tag="710" ind1="2" ind2=" "><marc:subfield code="a">Open SUNY Textbooks.</marc:subfield></marc:datafield><marc:datafield tag="710" ind1="2" ind2=" "><marc:subfield code="a">BC Open Textbook Project.</marc:subfield></marc:datafield><marc:datafield tag="710" ind1="2" ind2=" "><marc:subfield code="a">BCcampus.</marc:subfield></marc:datafield><marc:datafield tag="856" ind1="4" ind2="0"><marc:subfield code="3">BC Open Textbook Project title homepage:</marc:subfield><marc:subfield code="u">https://open.bccampus.ca/find-open-textbooks/?uuid=b289f397-4787-4818-a9de-f8ebc23b038c&amp;contributor=&amp;keyword=&amp;subject=</marc:subfield></marc:datafield><marc:datafield tag="856" ind1="4" ind2="0"><marc:subfield code="3">BC Open Textbook Project PDF file.</marc:subfield><marc:subfield code="u">http://solr.bccampus.ca:8001/bcc/file/b289f397-4787-4818-a9de-f8ebc23b038c/1/Steps-to-Success-1457390813.pdf</marc:subfield></marc:datafield><marc:datafield tag="856" ind1="4" ind2="0"><marc:subfield code="3">Open SUNY Textbooks </marc:subfield><marc:subfield code="u"> http://pressbooks.opensuny.org/steps-to-success/</marc:subfield></marc:datafield></marc:record>