
<marc:record><marc:leader>02289cam a2200325 a 4500</marc:leader>
<marc:controlfield tag="001">bcotA000167</marc:controlfield>
<marc:controlfield tag="005">20161024124834.0</marc:controlfield><marc:controlfield tag="006">m        u        </marc:controlfield><marc:controlfield tag="007">cr cn ---uuuuu</marc:controlfield><marc:controlfield tag="008">161024s2016    ohu     o     000 0 eng d</marc:controlfield><marc:datafield tag="035" ind1=" " ind2=" "><marc:subfield code="a">(OCoLC) 959619164 </marc:subfield></marc:datafield><marc:datafield tag="037" ind1=" " ind2=" "><marc:subfield code="b">BCOpenCampus</marc:subfield><marc:subfield code="c">CostFree</marc:subfield><marc:subfield code="f">FormOnline</marc:subfield><marc:subfield code="g">AccessOpen</marc:subfield></marc:datafield><marc:datafield tag="040" ind1=" " ind2=" "><marc:subfield code="a">COF</marc:subfield><marc:subfield code="b">eng</marc:subfield><marc:subfield code="c">COF</marc:subfield><marc:subfield code="d">K6U</marc:subfield></marc:datafield><marc:datafield tag="050" ind1=" " ind2="4"><marc:subfield code="a">HF5718</marc:subfield><marc:subfield code="b">R63 2016</marc:subfield></marc:datafield><marc:datafield tag="100" ind1="1" ind2=" "><marc:subfield code="a">Roberts, Jasmine.</marc:subfield></marc:datafield><marc:datafield tag="245" ind1="1" ind2="0"><marc:subfield code="a">Writing for strategic communication industries</marc:subfield><marc:subfield code="c">Jasmine Roberts.</marc:subfield></marc:datafield><marc:datafield tag="260" ind1=" " ind2=" "><marc:subfield code="a">Columbus, OH :</marc:subfield><marc:subfield code="b">Ohio State University,</marc:subfield><marc:subfield code="c">[2016].</marc:subfield></marc:datafield><marc:datafield tag="300" ind1=" " ind2=" "><marc:subfield code="a">1 online resource (117 p.)</marc:subfield></marc:datafield><marc:datafield tag="516" ind1=" " ind2=" "><marc:subfield code="a">Text (HTML, PDF), electronic book.</marc:subfield></marc:datafield><marc:datafield tag="520" ind1=" " ind2=" "><marc:subfield code="a">&quot;Good writing skills are important in today's competitive work environment. This is especially the case for communication-related professions such as public relations, brand communication, journalism, and marketing. Writing for Strategic Communication Industries emphasizes practical application of academic inquiry to help readers improve their writing skills. This book has straightforward chapters that use real-world examples to illustrate key points. It discusses different writing styles and techniques and provides examples of communication materials such as press releases, creative briefs, feature articles, and more. It includes embedded videos of insights from communication professionals, tips on pitching to the media, and a collection of popular sources for further explanation.&quot;--BC Campus website.</marc:subfield></marc:datafield><marc:datafield tag="588" ind1=" " ind2=" "><marc:subfield code="a">Description based on online resource; title from pdf title page (viewed on October 24, 2016).</marc:subfield></marc:datafield><marc:datafield tag="590" ind1=" " ind2=" "><marc:subfield code="a">Made available online by BCcampus BC Open Textbook Project.</marc:subfield></marc:datafield><marc:datafield tag="650" ind1=" " ind2="0"><marc:subfield code="a">Business communication</marc:subfield><marc:subfield code="v">Textbooks.</marc:subfield></marc:datafield><marc:datafield tag="655" ind1=" " ind2="0"><marc:subfield code="a">Electronic books.</marc:subfield></marc:datafield><marc:datafield tag="710" ind1="2" ind2=" "><marc:subfield code="a">Ohio State University.</marc:subfield></marc:datafield><marc:datafield tag="710" ind1="2" ind2=" "><marc:subfield code="a">BC Open Textbook Project.</marc:subfield></marc:datafield><marc:datafield tag="710" ind1="2" ind2=" "><marc:subfield code="a">BCcampus.</marc:subfield></marc:datafield><marc:datafield tag="856" ind1="4" ind2="0"><marc:subfield code="3">BC Open Textbook Project title homepage:</marc:subfield><marc:subfield code="u">https://open.bccampus.ca/find-open-textbooks/?uuid=cb278124-0378-4dc4-87f3-a0bb635a24c9&amp;contributor=&amp;keyword=&amp;subject=</marc:subfield></marc:datafield><marc:datafield tag="856" ind1="4" ind2="0"><marc:subfield code="3">BC Open Textbook Project PDF file.</marc:subfield><marc:subfield code="u">http://solr.bccampus.ca:8001/bcc/file/cb278124-0378-4dc4-87f3-a0bb635a24c9/1/Writing-for-Strategic-Communication-Industries-1474040746.pdf</marc:subfield></marc:datafield><marc:datafield tag="856" ind1="4" ind2="0"><marc:subfield code="3">Ohio State University:</marc:subfield><marc:subfield code="u">https://osu.pb.unizin.org/stratcommwriting/</marc:subfield></marc:datafield></marc:record>