
<marc:record><marc:leader>03033cai a2200409Ia 4500</marc:leader>
<marc:controlfield tag="001">bcotA000168</marc:controlfield>
<marc:controlfield tag="005">20161122171122.0</marc:controlfield><marc:controlfield tag="006">m     o  d        </marc:controlfield><marc:controlfield tag="007">cr mn|||||||||</marc:controlfield><marc:controlfield tag="008">160705c20159999mnuuu   o b   0    2eng d</marc:controlfield><marc:datafield tag="040" ind1=" " ind2=" "><marc:subfield code="a">COF</marc:subfield><marc:subfield code="b">eng</marc:subfield><marc:subfield code="c">COF</marc:subfield><marc:subfield code="d">COF</marc:subfield><marc:subfield code="d">OCLCF</marc:subfield><marc:subfield code="d">ORU</marc:subfield><marc:subfield code="d">OCL</marc:subfield><marc:subfield code="d">ORU</marc:subfield><marc:subfield code="d">K6U</marc:subfield></marc:datafield><marc:datafield tag="020" ind1=" " ind2=" "><marc:subfield code="a">9780982361856</marc:subfield></marc:datafield><marc:datafield tag="020" ind1=" " ind2=" "><marc:subfield code="a">0982361858</marc:subfield></marc:datafield><marc:datafield tag="035" ind1=" " ind2=" "><marc:subfield code="a">(OCoLC)953039477</marc:subfield></marc:datafield><marc:datafield tag="050" ind1=" " ind2="4"><marc:subfield code="a">HF5718</marc:subfield><marc:subfield code="b">.M435eb</marc:subfield></marc:datafield><marc:datafield tag="245" ind1="0" ind2="0"><marc:subfield code="a">Business communication for success</marc:subfield></marc:datafield><marc:datafield tag="250" ind1=" " ind2=" "><marc:subfield code="a">University of Minnesota Libraries Publishing edition.</marc:subfield></marc:datafield><marc:datafield tag="260" ind1=" " ind2=" "><marc:subfield code="a">Minneapolis :</marc:subfield><marc:subfield code="b">University of Minnesota Libraries Pub.,</marc:subfield><marc:subfield code="c">2015-</marc:subfield></marc:datafield><marc:datafield tag="300" ind1=" " ind2=" "><marc:subfield code="a">1 online resource :</marc:subfield><marc:subfield code="b">ill.</marc:subfield></marc:datafield><marc:datafield tag="310" ind1=" " ind2=" "><marc:subfield code="a">Updated irregularly.</marc:subfield></marc:datafield><marc:datafield tag="500" ind1=" " ind2=" "><marc:subfield code="a">This edition adapted from a work originally produced in 2010 by a publisher who has requested that it not receive attribution and author removed at request of original publisher.</marc:subfield></marc:datafield><marc:datafield tag="505" ind1="0" ind2="0"><marc:subfield code="g">Ch. 1.</marc:subfield><marc:subfield code="t">Effective business communication --</marc:subfield><marc:subfield code="g">Ch. 2.</marc:subfield><marc:subfield code="t">Delivering your message --</marc:subfield><marc:subfield code="g">Ch. 3.</marc:subfield><marc:subfield code="t">Understanding your audience --</marc:subfield><marc:subfield code="g">Ch. 4.</marc:subfield><marc:subfield code="t">Effective business writing --</marc:subfield><marc:subfield code="g">Ch. 5.</marc:subfield><marc:subfield code="t">Writing preparation --</marc:subfield><marc:subfield code="g">Ch. 6.</marc:subfield><marc:subfield code="t">Writing --</marc:subfield><marc:subfield code="g">Ch. 7.</marc:subfield><marc:subfield code="t">Revising and presenting your writing --</marc:subfield><marc:subfield code="g">Ch. 8</marc:subfield><marc:subfield code="t">Feedback in the writing process --</marc:subfield><marc:subfield code="g">Ch. 9.</marc:subfield><marc:subfield code="t">Business writing in action --</marc:subfield><marc:subfield code="g">Ch. 10.</marc:subfield><marc:subfield code="t">Developing business presentations --</marc:subfield><marc:subfield code="g">Ch. 11.</marc:subfield><marc:subfield code="t">Nonverbal delivery --</marc:subfield><marc:subfield code="g">Ch. 12.</marc:subfield><marc:subfield code="t">Organization and outlines --</marc:subfield><marc:subfield code="g">Ch. 13.</marc:subfield><marc:subfield code="t">Presentations to inform --</marc:subfield><marc:subfield code="g">Ch. 14.</marc:subfield><marc:subfield code="t">Presentations to persuade --</marc:subfield><marc:subfield code="g">Ch. 15</marc:subfield><marc:subfield code="t">Business presentations in action --</marc:subfield><marc:subfield code="g">Ch. 16.</marc:subfield><marc:subfield code="t">Intrapersonal and interpersonal business communication --</marc:subfield><marc:subfield code="g">Ch. 17.</marc:subfield><marc:subfield code="t">Negative news and crisis communication --</marc:subfield><marc:subfield code="g">Ch. 18.</marc:subfield><marc:subfield code="t">Intercultural and international business communication --</marc:subfield><marc:subfield code="g">Ch. 19.</marc:subfield><marc:subfield code="t">Group communication, teamwork, and leadership.</marc:subfield></marc:datafield><marc:datafield tag="504" ind1=" " ind2=" "><marc:subfield code="a">Includes bibliographical references and index.</marc:subfield></marc:datafield><marc:datafield tag="516" ind1=" " ind2=" "><marc:subfield code="a">Text (HTML, PDF), electronic book.</marc:subfield></marc:datafield><marc:datafield tag="520" ind1=" " ind2=" "><marc:subfield code="a">Business Communication for Success (BCS) provides a comprehensive, integrated approach to the study and application of written and oral business communication to serve both student and professor.</marc:subfield></marc:datafield><marc:datafield tag="588" ind1=" " ind2=" "><marc:subfield code="a">Description based on online version, 2015 edition; Title from PDF (viewed on July 5, 2016)</marc:subfield></marc:datafield><marc:datafield tag="590" ind1=" " ind2=" "><marc:subfield code="a">Made available online by BCcampus BC Open Textbook Project.</marc:subfield></marc:datafield><marc:datafield tag="650" ind1=" " ind2="0"><marc:subfield code="a">Business communication.</marc:subfield></marc:datafield><marc:datafield tag="650" ind1=" " ind2="7"><marc:subfield code="a">Business communication.</marc:subfield><marc:subfield code="2">fast</marc:subfield><marc:subfield code="0">(OCoLC)fst00842419</marc:subfield></marc:datafield><marc:datafield tag="655" ind1=" " ind2="0"><marc:subfield code="a">Electronic books.</marc:subfield></marc:datafield><marc:datafield tag="710" ind1="2" ind2=" "><marc:subfield code="a">University of Minnesota Libraries Publishing.</marc:subfield></marc:datafield><marc:datafield tag="710" ind1="2" ind2=" "><marc:subfield code="a">BC Open Textbook Project.</marc:subfield></marc:datafield><marc:datafield tag="710" ind1="2" ind2=" "><marc:subfield code="a">BCcampus.</marc:subfield></marc:datafield><marc:datafield tag="856" ind1="4" ind2="0"><marc:subfield code="3">BC Open Textbook Project title homepage:</marc:subfield><marc:subfield code="u">https://open.bccampus.ca/find-open-textbooks/?uuid=a3b38942-78f7-4939-801d-3a97b7d733d1&amp;contributor=&amp;keyword=&amp;subject=</marc:subfield></marc:datafield><marc:datafield tag="856" ind1="4" ind2="0"><marc:subfield code="3">BC Open Textbook Project PDF file.</marc:subfield><marc:subfield code="u">http://solr.bccampus.ca:8001/bcc/file/a3b38942-78f7-4939-801d-3a97b7d733d1/1/Business-Communication-for-Success-1462823191.pdf</marc:subfield></marc:datafield><marc:datafield tag="856" ind1="4" ind2="0"><marc:subfield code="3">University of Minnesota Libraries Publishing:</marc:subfield><marc:subfield code="u">http://open.lib.umn.edu/businesscommunication/</marc:subfield></marc:datafield><marc:datafield tag="856" ind1="4" ind2="0"><marc:subfield code="u">https://open.umn.edu/opentextbooks/BookDetail.aspx?bookId=8</marc:subfield><marc:subfield code="3">Open Textbook Library</marc:subfield></marc:datafield></marc:record>