
<marc:record><marc:leader>03518nai a2200445Ia 4500</marc:leader>
<marc:controlfield tag="001">bcotA000169</marc:controlfield>
<marc:controlfield tag="005">20161122170122.0</marc:controlfield><marc:controlfield tag="006">m     o  d        </marc:controlfield><marc:controlfield tag="007">cr mn|||||||||</marc:controlfield><marc:controlfield tag="008">161031c20169999txuuu   o     0    2eng d</marc:controlfield><marc:datafield tag="040" ind1=" " ind2=" "><marc:subfield code="a">COF</marc:subfield><marc:subfield code="c">COF</marc:subfield><marc:subfield code="d">K6U</marc:subfield></marc:datafield><marc:datafield tag="020" ind1=" " ind2=" "><marc:subfield code="a">9781938168284</marc:subfield></marc:datafield><marc:datafield tag="020" ind1=" " ind2=" "><marc:subfield code="a">1938168283</marc:subfield></marc:datafield><marc:datafield tag="035" ind1=" " ind2=" "><marc:subfield code="a">(OCoLC)961476196</marc:subfield></marc:datafield><marc:datafield tag="050" ind1=" " ind2="4"><marc:subfield code="a">QB14</marc:subfield><marc:subfield code="b">.F73eb</marc:subfield></marc:datafield><marc:datafield tag="100" ind1="1" ind2=" "><marc:subfield code="a">Fraknoi, Andrew.</marc:subfield></marc:datafield><marc:datafield tag="245" ind1="1" ind2="0"><marc:subfield code="a">Astronomy</marc:subfield><marc:subfield code="c">Andrew Fraknoi, David Morrison, Sidney C. Wolff.</marc:subfield></marc:datafield><marc:datafield tag="260" ind1=" " ind2=" "><marc:subfield code="a">Houston, Texas :</marc:subfield><marc:subfield code="b">OpenStax College, Rice University,</marc:subfield><marc:subfield code="c">2016-</marc:subfield></marc:datafield><marc:datafield tag="300" ind1=" " ind2=" "><marc:subfield code="a">1 online resource :</marc:subfield><marc:subfield code="b">ill. (chiefly col.)</marc:subfield></marc:datafield><marc:datafield tag="310" ind1=" " ind2=" "><marc:subfield code="a">Updated irregularly.</marc:subfield></marc:datafield><marc:datafield tag="500" ind1=" " ind2=" "><marc:subfield code="a">Includes index.</marc:subfield></marc:datafield><marc:datafield tag="505" ind1="0" ind2=" "><marc:subfield code="a">1. Science and the Universe: A Brief Tour -- 2. Observing the Sky: The Birth of Astronomy -- 3. Orbits and Gravity -- 4. Earth, Moon, and Sky -- 5. Radiation and Spectra -- 6. Astronomical Instruments -- 7. Other Worlds: An Introduction to the Solar System -- 8. Earth as a Planet -- 9. Cratered Worlds -- 10. Earthlike Planets: Venus and Mars -- 11. The Giant Planets -- 12. Rings, Moons, and Pluto -- 13. Comets and Asteroids: Debris of the Solar System -- 14. Cosmic Samples and the Origin of the Solar System -- 15. The Sun: A Garden-Variety Star -- 16. The Sun: A Nuclear Powerhouse -- 17. Analyzing Starlight -- 18. The Stars: A Celestial Census -- 19. Celestial Distances -- 20. Between the Stars: Gas and Dust in Space -- 21. The Birth of Stars and the Discovery of Planets outside the Solar System -- 22. Stars from Adolescence to Old Age -- 23. The Death of Stars -- 24. Black Holes and Curved Spacetime -- 25. The Milky Way Galaxy -- 26. Galaxies -- 27. Active Galaxies, Quasars, and Supermassive Black Holes -- 28. The Evolution and Distribution of Galaxies -- 29. The Big Bang -- 30. Life in the Universe</marc:subfield></marc:datafield><marc:datafield tag="516" ind1=" " ind2=" "><marc:subfield code="a">Text (HTML, PDF), electronic book.</marc:subfield></marc:datafield><marc:datafield tag="520" ind1=" " ind2=" "><marc:subfield code="a">&quot;Astronomy is designed to meet the scope and sequence requirements of one- or two-semester introductory astronomy courses. The book begins with relevant scientific fundamentals and progresses through an exploration of the solar system, stars, galaxies and cosmology. The Astronomy textbook builds student understanding through the use of relevant analogies, clear and non-technical explanations, and rich illustrations. Mathematics is included in a flexible manner to meet the needs of individual instructors.&quot;--Open Textbook Library.</marc:subfield></marc:datafield><marc:datafield tag="538" ind1=" " ind2=" "><marc:subfield code="a">Mode of access: World Wide Web.</marc:subfield></marc:datafield><marc:datafield tag="588" ind1=" " ind2=" "><marc:subfield code="a">Description based on online version, Revision AS-2016-000(10/16)-RS; Title from PDF (viewed on October 31, 2016)</marc:subfield></marc:datafield><marc:datafield tag="590" ind1=" " ind2=" "><marc:subfield code="a">Made available online by BCcampus BC Open Textbook Project.</marc:subfield></marc:datafield><marc:datafield tag="650" ind1=" " ind2="0"><marc:subfield code="a">Astronomy</marc:subfield><marc:subfield code="x">Environmental aspects.</marc:subfield></marc:datafield><marc:datafield tag="650" ind1=" " ind2="0"><marc:subfield code="a">Astronomy</marc:subfield><marc:subfield code="v">Observations</marc:subfield><marc:subfield code="x">Effect of pollution on.</marc:subfield></marc:datafield><marc:datafield tag="650" ind1=" " ind2="7"><marc:subfield code="a">Astronomy.</marc:subfield><marc:subfield code="2">fast</marc:subfield><marc:subfield code="0">(OCoLC)fst00819673</marc:subfield></marc:datafield><marc:datafield tag="650" ind1=" " ind2="7"><marc:subfield code="a">Astronomy</marc:subfield><marc:subfield code="x">Environmental aspects.</marc:subfield><marc:subfield code="2">fast</marc:subfield><marc:subfield code="0">(OCoLC)fst00819692</marc:subfield></marc:datafield><marc:datafield tag="655" ind1=" " ind2="0"><marc:subfield code="a">Electronic books.</marc:subfield></marc:datafield><marc:datafield tag="700" ind1="1" ind2=" "><marc:subfield code="a">Morrison, David.</marc:subfield></marc:datafield><marc:datafield tag="700" ind1="1" ind2=" "><marc:subfield code="a">Wolff, Sidney C.</marc:subfield></marc:datafield><marc:datafield tag="710" ind1="2" ind2=" "><marc:subfield code="a">Open Textbook Library.</marc:subfield></marc:datafield><marc:datafield tag="710" ind1="2" ind2=" "><marc:subfield code="a">BC Open Textbook Project.</marc:subfield></marc:datafield><marc:datafield tag="710" ind1="2" ind2=" "><marc:subfield code="a">BCcampus.</marc:subfield></marc:datafield><marc:datafield tag="856" ind1="4" ind2="0"><marc:subfield code="3">BC Open Textbook Project title homepage:</marc:subfield><marc:subfield code="u">https://open.bccampus.ca/find-open-textbooks/?uuid=aa7e4991-20af-489b-8fb1-fdbe155b9702&amp;contributor=&amp;keyword=&amp;subject=</marc:subfield></marc:datafield><marc:datafield tag="856" ind1="4" ind2="0"><marc:subfield code="3">BC Open Textbook Project PDF file.</marc:subfield><marc:subfield code="u">http://solr.bccampus.ca:8001/bcc/file/aa7e4991-20af-489b-8fb1-fdbe155b9702/1/astronomy-9.1.pdf</marc:subfield></marc:datafield><marc:datafield tag="856" ind1="4" ind2="0"><marc:subfield code="u"> https://open.umn.edu/opentextbooks/BookDetail.aspx?bookId=390 </marc:subfield><marc:subfield code="3"> Open Textbook Library</marc:subfield></marc:datafield></marc:record>