
<marc:record><marc:leader>01738cam a2200325 a 4500</marc:leader>
<marc:controlfield tag="001">bcotA000173</marc:controlfield>
<marc:controlfield tag="005">20161216113045.0</marc:controlfield><marc:controlfield tag="006">m        u        </marc:controlfield><marc:controlfield tag="007">cr cn ---uuuuu</marc:controlfield><marc:controlfield tag="008">161216s2014    pau     o     000 0 eng d</marc:controlfield><marc:datafield tag="035" ind1=" " ind2=" "><marc:subfield code="a">(OCoLC)908396889</marc:subfield></marc:datafield><marc:datafield tag="037" ind1=" " ind2=" "><marc:subfield code="b">BCOpenCampus</marc:subfield><marc:subfield code="c">CostFree</marc:subfield><marc:subfield code="f">FormOnline</marc:subfield><marc:subfield code="g">AccessOpen</marc:subfield></marc:datafield><marc:datafield tag="040" ind1=" " ind2=" "><marc:subfield code="a">UPM</marc:subfield><marc:subfield code="b">eng</marc:subfield><marc:subfield code="c">UPM</marc:subfield><marc:subfield code="d">OCLCO</marc:subfield><marc:subfield code="d">OCLCF</marc:subfield><marc:subfield code="d">OCLCQ</marc:subfield><marc:subfield code="d">CaBSKC</marc:subfield></marc:datafield><marc:datafield tag="050" ind1=" " ind2="4"><marc:subfield code="a">G70.217.G46</marc:subfield><marc:subfield code="b">D53 2014eb</marc:subfield></marc:datafield><marc:datafield tag="100" ind1="1" ind2=" "><marc:subfield code="a">DiBiase, David.</marc:subfield></marc:datafield><marc:datafield tag="245" ind1="1" ind2="0"><marc:subfield code="a">Nature of geographic information</marc:subfield><marc:subfield code="b">an open geospatial textbook /</marc:subfield><marc:subfield code="c">David DiBiase.</marc:subfield></marc:datafield><marc:datafield tag="260" ind1=" " ind2=" "><marc:subfield code="a">[University Park, Pa.] :</marc:subfield><marc:subfield code="b">Pennsylvania State Univesity, College of Earth and Mineral Sciences,</marc:subfield><marc:subfield code="c">[2014]</marc:subfield></marc:datafield><marc:datafield tag="300" ind1=" " ind2=" "><marc:subfield code="a">1 online resource (vii, 253 pages)</marc:subfield></marc:datafield><marc:datafield tag="516" ind1=" " ind2=" "><marc:subfield code="a">Text (HTML), electronic book.</marc:subfield></marc:datafield><marc:datafield tag="520" ind1=" " ind2=" "><marc:subfield code="a">&quot;The purpose of this text is to promote understanding of the Geographic Information Science and Technology enterprise (GIS&amp;T, also known as &quot;geospatial&quot;)&quot;--BC Campus website.</marc:subfield></marc:datafield><marc:datafield tag="590" ind1=" " ind2=" "><marc:subfield code="a">Made available online by BCcampus, BC Open Textbook Project.</marc:subfield></marc:datafield><marc:datafield tag="650" ind1=" " ind2="0"><marc:subfield code="a">Geospatial data</marc:subfield><marc:subfield code="v">Textbooks.</marc:subfield></marc:datafield><marc:datafield tag="650" ind1=" " ind2="0"><marc:subfield code="a">Geographic information systems</marc:subfield><marc:subfield code="v">Textbooks.</marc:subfield></marc:datafield><marc:datafield tag="655" ind1=" " ind2="0"><marc:subfield code="a">Electronic books.</marc:subfield></marc:datafield><marc:datafield tag="710" ind1="2" ind2=" "><marc:subfield code="a">Pennsylvania State University.</marc:subfield><marc:subfield code="b">College of Earth and Mineral Sciences,</marc:subfield></marc:datafield><marc:datafield tag="710" ind1="2" ind2=" "><marc:subfield code="a">BC Open Textbook Project.</marc:subfield></marc:datafield><marc:datafield tag="710" ind1="2" ind2=" "><marc:subfield code="a">BCcampus.</marc:subfield></marc:datafield><marc:datafield tag="856" ind1="4" ind2="0"><marc:subfield code="3">BC Open Textbook Project title homepage.</marc:subfield><marc:subfield code="u">https://open.bccampus.ca/find-open-textbooks/?uuid=73389349-cd33-4f1a-831c-f4865cd6e7b9&amp;contributor=&amp;keyword=&amp;subject=</marc:subfield></marc:datafield><marc:datafield tag="856" ind1="4" ind2="0"><marc:subfield code="3">BC Open Textbook Project.</marc:subfield><marc:subfield code="u">http://solr.bccampus.ca:8001/bcc/file/73389349-cd33-4f1a-831c-f4865cd6e7b9/1/Nature-of-Geographic-Information-1481319649._print.pdf</marc:subfield></marc:datafield><marc:datafield tag="856" ind1="4" ind2="0"><marc:subfield code="3">Pennsylvania State University.</marc:subfield><marc:subfield code="u">https://www.e-education.psu.edu/natureofgeoinfo/</marc:subfield></marc:datafield></marc:record>