
<marc:record><marc:leader>03672cam a2200361 a 4500</marc:leader>
<marc:controlfield tag="001">bcotA000177</marc:controlfield>
<marc:controlfield tag="005">20170124095747.0</marc:controlfield><marc:controlfield tag="006">m        u        </marc:controlfield><marc:controlfield tag="007">cr cn ---uuuuu</marc:controlfield><marc:controlfield tag="008">170124s2016    bcc     o     000 0 eng d</marc:controlfield><marc:datafield tag="035" ind1=" " ind2=" "><marc:subfield code="a">(OCoLC)975287685</marc:subfield></marc:datafield><marc:datafield tag="037" ind1=" " ind2=" "><marc:subfield code="b">BCOpenCampus</marc:subfield><marc:subfield code="c">CostFree</marc:subfield><marc:subfield code="f">FormOnline</marc:subfield><marc:subfield code="g">AccessOpen</marc:subfield></marc:datafield><marc:datafield tag="040" ind1=" " ind2=" "><marc:subfield code="a">CaBSKC</marc:subfield><marc:subfield code="b">eng</marc:subfield><marc:subfield code="e"></marc:subfield><marc:subfield code="c">CaBSKC</marc:subfield></marc:datafield><marc:datafield tag="050" ind1=" " ind2="4"><marc:subfield code="a">PA227</marc:subfield><marc:subfield code="b">G74 2016eb</marc:subfield></marc:datafield><marc:datafield tag="100" ind1="1" ind2=" "><marc:subfield code="a">Smith. Peter L.,</marc:subfield><marc:subfield code="d">1933-</marc:subfield></marc:datafield><marc:datafield tag="245" ind1="1" ind2="0"><marc:subfield code="a">Greek and Latin roots for science and the social sciences.</marc:subfield><marc:subfield code="n">Part II,</marc:subfield><marc:subfield code="p">Greek</marc:subfield><marc:subfield code="c">Peter L. Smith.</marc:subfield></marc:datafield><marc:datafield tag="246" ind1="1" ind2=" "><marc:subfield code="i">Subtitle on cover:</marc:subfield><marc:subfield code="a">Contribution of Greek and Latin to the English language</marc:subfield></marc:datafield><marc:datafield tag="246" ind1="3" ind2=" "><marc:subfield code="a">Greek and Latin roots</marc:subfield></marc:datafield><marc:datafield tag="246" ind1="3" ind2=" "><marc:subfield code="a">Greek</marc:subfield></marc:datafield><marc:datafield tag="250" ind1=" " ind2=" "><marc:subfield code="a">Sixth edition (adapted).</marc:subfield></marc:datafield><marc:datafield tag="260" ind1=" " ind2=" "><marc:subfield code="a">Victoria, BC :</marc:subfield><marc:subfield code="b">University of Victoria,</marc:subfield><marc:subfield code="c">2016.</marc:subfield></marc:datafield><marc:datafield tag="300" ind1=" " ind2=" "><marc:subfield code="a">1 online resource (unnumbered pages)</marc:subfield></marc:datafield><marc:datafield tag="516" ind1=" " ind2=" "><marc:subfield code="a">Text (HTML), electronic book.</marc:subfield></marc:datafield><marc:datafield tag="520" ind1=" " ind2=" "><marc:subfield code="a">&quot;Greek and Latin Roots: Part II - Greek is part two of a two part series. This series examines the systematic principles by which a large portion of English vocabulary has evolved from Latin and (to a lesser degree) from Greek. This book focuses on Greek roots. A link to the first part focusing on the Latin roots can be found below. Part II will try to impart some skill in the recognition and proper use of words derived from Greek. There is a stress on principles: although students will be continually looking at interesting individual words, their constant aim will be to discover predictable general patterns of historical development, so that they may be able to cope with new and unfamiliar words of any type that they have studied. They will be shown how to approach the problem by a procedure known as “word analysis,” which is roughly comparable to the dissection of an interesting specimen in the biology laboratory. The text assumes no previous knowledge of Greek, and does not involve the grammatical study of this language - except for a few basic features of noun and verb formation that will help students to understand the Greek legacy in English. All students will be asked to learn the Greek alphabet. This skill is not absolutely essential for a general knowledge of Greek roots in English. However, it will help students understand a number of otherwise puzzling features of spelling and usage. Although there will be some attention paid to the historical interaction of Greek with English, this text is definitely not a systematic history of the English language. It focuses on only those elements within English that have been directly or indirectly affected by this classical language. In order to provide the broadest possible service to students, the text emphasizes standard English vocabulary in current use. The more exotic technical vocabulary of science and medicine can be extremely interesting, but is explored in only summary fashion. Nevertheless, this text should be of considerable value, say, to a would-be botanist or medical doctor, if only by providing the foundation for further specialized enquiry.&quot;--BC Campus website.</marc:subfield></marc:datafield><marc:datafield tag="588" ind1=" " ind2=" "><marc:subfield code="a">Description based on online resource; title from PDF title page (viewed March 2, 2017).</marc:subfield></marc:datafield><marc:datafield tag="590" ind1=" " ind2=" "><marc:subfield code="a">Made available online by BCcampus, BC Open Textbook Project.</marc:subfield></marc:datafield><marc:datafield tag="650" ind1=" " ind2="0"><marc:subfield code="a">Greek language</marc:subfield><marc:subfield code="v">Textbooks.</marc:subfield></marc:datafield><marc:datafield tag="650" ind1=" " ind2="0"><marc:subfield code="a">English language</marc:subfield><marc:subfield code="v">Textbooks.</marc:subfield></marc:datafield><marc:datafield tag="655" ind1=" " ind2="0"><marc:subfield code="a">Electronic books.</marc:subfield></marc:datafield><marc:datafield tag="710" ind1="2" ind2=" "><marc:subfield code="a">BC Open Textbook Project,</marc:subfield></marc:datafield><marc:datafield tag="710" ind1="2" ind2=" "><marc:subfield code="a">BCcampus.</marc:subfield></marc:datafield><marc:datafield tag="856" ind1="4" ind2="0"><marc:subfield code="3">BC Open Textbook Project title homepage.</marc:subfield><marc:subfield code="u">https://open.bccampus.ca/find-open-textbooks/?uuid=659957b9-b344-4f30-9f74-1770251fa09e&amp;contributor=&amp;keyword=&amp;subject=</marc:subfield></marc:datafield><marc:datafield tag="856" ind1="4" ind2="0"><marc:subfield code="3">HTML file.</marc:subfield><marc:subfield code="u">https://pressbooks.bccampus.ca/greeklatinroots2/</marc:subfield></marc:datafield></marc:record>