
<marc:record><marc:leader>02781cam a2200349 a 4500</marc:leader>
<marc:controlfield tag="001">bcotA000181</marc:controlfield>
<marc:controlfield tag="005">20170328125236.0</marc:controlfield><marc:controlfield tag="006">m        u        </marc:controlfield><marc:controlfield tag="007">cr cn ---uuuuu</marc:controlfield><marc:controlfield tag="008">170328s2017    xx      s     000 0 eng d</marc:controlfield><marc:datafield tag="037" ind1=" " ind2=" "><marc:subfield code="b">BCOpenCampus</marc:subfield><marc:subfield code="c">CostFree</marc:subfield><marc:subfield code="f">FormOnline</marc:subfield><marc:subfield code="g">AccessOpen</marc:subfield></marc:datafield><marc:datafield tag="040" ind1=" " ind2=" "><marc:subfield code="a">CaBSKC</marc:subfield><marc:subfield code="b">eng</marc:subfield><marc:subfield code="e"></marc:subfield><marc:subfield code="c">CaBSKC</marc:subfield></marc:datafield><marc:datafield tag="050" ind1=" " ind2="4"><marc:subfield code="a">HB172</marc:subfield><marc:subfield code="b">C871 2017eb</marc:subfield></marc:datafield><marc:datafield tag="100" ind1="1" ind2=" "><marc:subfield code="a">Curtis, Douglas.</marc:subfield></marc:datafield><marc:datafield tag="245" ind1="1" ind2="0"><marc:subfield code="a">Microeconomics</marc:subfield><marc:subfield code="b">markets, methods &amp; models : an open text /</marc:subfield><marc:subfield code="c">by Douglas Curtis and Ian Irvine.</marc:subfield></marc:datafield><marc:datafield tag="246" ind1="3" ind2=" "><marc:subfield code="a">Microeconomics :</marc:subfield><marc:subfield code="b">markets, methods and models</marc:subfield></marc:datafield><marc:datafield tag="250" ind1=" " ind2=" "><marc:subfield code="a">Version 2017 - Revision A.</marc:subfield></marc:datafield><marc:datafield tag="260" ind1=" " ind2=" "><marc:subfield code="a">[Place of publication not identified] :</marc:subfield><marc:subfield code="b">Lyryx,</marc:subfield><marc:subfield code="c">2017.</marc:subfield></marc:datafield><marc:datafield tag="300" ind1=" " ind2=" "><marc:subfield code="a">1 online resource (x, 435 pages)</marc:subfield></marc:datafield><marc:datafield tag="500" ind1=" " ind2=" "><marc:subfield code="a">&quot;Base textbook.&quot;</marc:subfield></marc:datafield><marc:datafield tag="516" ind1=" " ind2=" "><marc:subfield code="a">Text (HTML), electronic book.</marc:subfield></marc:datafield><marc:datafield tag="520" ind1=" " ind2=" "><marc:subfield code="a">&quot;Microeconomics: Markets, Methods, and Models by D. Curtis and I. Irvine provides concise yet complete coverage of introductory microeconomic theory, application and policy. The text begins with an explanation and development of the standard tools of analysis in the discipline and carries on to investigate the meaning of 'well-being' in the context of an efficient use of the economy's resources. An understanding of individual optimizing behaviour is developed, and this behaviour is in turn used to link household decisions on savings with firms' decisions on production, expansion and investment. The text then explores behaviour in a variety of different market structures. The role of the government is examined, and the key elements in the modern theory of international trade are developed. Opportunity cost, a global economy and behavioural responses to incentives are the dominant themes. Examples are domestic and international in their subject matter and are of the modern era. This text is intended for a one-semester course, and can be used in a two-semester sequence with the companion text, Macroeconomics: Theory, Markets, and Policy. The three introductory chapters and the International Trade chapter (Chapter 15) are common to both books.&quot;--BC Campus website.</marc:subfield></marc:datafield><marc:datafield tag="588" ind1=" " ind2=" "><marc:subfield code="a">Description based on online resource; title from pdf title page (viewed on March 28, 2017).</marc:subfield></marc:datafield><marc:datafield tag="590" ind1=" " ind2=" "><marc:subfield code="a">Made available online by BCcampus, BC Open Textbook Project.</marc:subfield></marc:datafield><marc:datafield tag="650" ind1=" " ind2="0"><marc:subfield code="a">Microeconomics</marc:subfield><marc:subfield code="v">Textbooks.</marc:subfield></marc:datafield><marc:datafield tag="655" ind1=" " ind2="0"><marc:subfield code="a">Electronic books.</marc:subfield></marc:datafield><marc:datafield tag="700" ind1="1" ind2=" "><marc:subfield code="a">Irvine, Ian.</marc:subfield></marc:datafield><marc:datafield tag="710" ind1="2" ind2=" "><marc:subfield code="a">Lyryx Learning.</marc:subfield></marc:datafield><marc:datafield tag="710" ind1="2" ind2=" "><marc:subfield code="a">BC Open Textbook Project.</marc:subfield></marc:datafield><marc:datafield tag="710" ind1="2" ind2=" "><marc:subfield code="a">BCcampus.</marc:subfield></marc:datafield><marc:datafield tag="856" ind1="4" ind2="0"><marc:subfield code="3">BC Open Textbook Project title homepage.</marc:subfield><marc:subfield code="u">https://open.bccampus.ca/find-open-textbooks/?uuid=77e5d21e-51d1-4d15-86a2-dd5911eeda06&amp;contributor=&amp;keyword=&amp;subject=</marc:subfield></marc:datafield><marc:datafield tag="856" ind1="4" ind2="0"><marc:subfield code="3">BC Open Textbook Project.</marc:subfield><marc:subfield code="u">http://solr.bccampus.ca:8001/bcc/file/77e5d21e-51d1-4d15-86a2-dd5911eeda06/1/Print%20%28.pdf%29.pdf</marc:subfield></marc:datafield></marc:record>