
<marc:record><marc:leader>03052cai a2200433Ia 4500</marc:leader>
<marc:controlfield tag="001">bcotR000186</marc:controlfield>
<marc:controlfield tag="005">20170314140109.0</marc:controlfield><marc:controlfield tag="006">m     o  d        </marc:controlfield><marc:controlfield tag="007">cr cn|||||||||</marc:controlfield><marc:controlfield tag="008">160726c20159999mnuuu   o b   0    2eng d</marc:controlfield><marc:datafield tag="037" ind1=" " ind2=" "><marc:subfield code="b">BCOpenCampus</marc:subfield><marc:subfield code="c">CostFree</marc:subfield><marc:subfield code="f">FormOnline</marc:subfield><marc:subfield code="g">AccessOpen</marc:subfield></marc:datafield><marc:datafield tag="040" ind1=" " ind2=" "><marc:subfield code="a">COF</marc:subfield><marc:subfield code="b">eng</marc:subfield><marc:subfield code="c">COF</marc:subfield><marc:subfield code="d">ORU</marc:subfield><marc:subfield code="d">OCL</marc:subfield><marc:subfield code="d">OCLCQ</marc:subfield><marc:subfield code="d">CaBSKC</marc:subfield></marc:datafield><marc:datafield tag="020" ind1=" " ind2=" "><marc:subfield code="a">9780982361825</marc:subfield><marc:subfield code="q">(ebk.)</marc:subfield></marc:datafield><marc:datafield tag="020" ind1=" " ind2=" "><marc:subfield code="a">0982361823</marc:subfield><marc:subfield code="q">(ebk.)</marc:subfield></marc:datafield><marc:datafield tag="035" ind1=" " ind2=" "><marc:subfield code="a">(OCoLC)953994213</marc:subfield></marc:datafield><marc:datafield tag="050" ind1=" " ind2="4"><marc:subfield code="a">HF5415</marc:subfield><marc:subfield code="b">.P95 2015eb</marc:subfield></marc:datafield><marc:datafield tag="245" ind1="0" ind2="0"><marc:subfield code="a">Principles of marketing</marc:subfield></marc:datafield><marc:datafield tag="260" ind1=" " ind2=" "><marc:subfield code="a">Minneapolis, MN :</marc:subfield><marc:subfield code="b">University of Minnesota Libraries Publishing,</marc:subfield><marc:subfield code="c">2015-</marc:subfield></marc:datafield><marc:datafield tag="300" ind1=" " ind2=" "><marc:subfield code="a">1 online resource :</marc:subfield><marc:subfield code="b">colour illustrations</marc:subfield></marc:datafield><marc:datafield tag="310" ind1=" " ind2=" "><marc:subfield code="a">Updated irregularly.</marc:subfield></marc:datafield><marc:datafield tag="490" ind1="1" ind2=" "><marc:subfield code="a">Open textbook library</marc:subfield></marc:datafield><marc:datafield tag="500" ind1=" " ind2=" "><marc:subfield code="a">Principles of Marketing by [Author removed at request of original publisher] is licensed under a Creative Commons Attribution-NonCommercial-ShareAlike 4.0 International License, except where otherwise noted.--title page verso.</marc:subfield></marc:datafield><marc:datafield tag="504" ind1=" " ind2=" "><marc:subfield code="a">Includes bibliographical references.</marc:subfield></marc:datafield><marc:datafield tag="505" ind1="0" ind2=" "><marc:subfield code="a">What is marketing? -- Strategic planning -- Consumer behavior : how people make buying decisions -- Business buying behavior -- Market segmenting, targeting, and positioning -- Creating offerings -- Developing and managing offerings -- Using marketing channels to create value for customers -- Using supply chains to create value for customers -- Gathering and using information : marketing research and market intelligence -- Integrated marketing communications and the changing media landscape -- Public relations, social media and sponsorships -- Professional selling -- Customer satisfaction, loyalty, and empowerment -- Price, the only revenue generator -- The marketing plan.</marc:subfield></marc:datafield><marc:datafield tag="500" ind1=" " ind2=" "><marc:subfield code="a">Author removed at request of original publisher. This edition adapted from a work originally produced in 2010 by a publisher who has requested that it not receive attribution.</marc:subfield></marc:datafield><marc:datafield tag="516" ind1=" " ind2=" "><marc:subfield code="a">Text (HTML), electronic book.</marc:subfield></marc:datafield><marc:datafield tag="520" ind1=" " ind2=" "><marc:subfield code="a">&quot;Principles of Marketing teaches the experience and process of actually doing marketing - not just the vocabulary. It carries five dominant themes throughout in order to expose students to marketing in today's environment.&quot;--Open Textbook Library.</marc:subfield></marc:datafield><marc:datafield tag="538" ind1=" " ind2=" "><marc:subfield code="a">Mode of access: World Wide Web.</marc:subfield></marc:datafield><marc:datafield tag="588" ind1="0" ind2=" "><marc:subfield code="a">Online version, 2015 edition; title from PDF (viewed on July 26, 2016).</marc:subfield></marc:datafield><marc:datafield tag="590" ind1=" " ind2=" "><marc:subfield code="a">Made available online by BCcampus, BC Open Textbook Project.</marc:subfield></marc:datafield><marc:datafield tag="650" ind1=" " ind2="0"><marc:subfield code="a">Marketing.</marc:subfield></marc:datafield><marc:datafield tag="655" ind1=" " ind2="0"><marc:subfield code="a">Electronic books.</marc:subfield></marc:datafield><marc:datafield tag="710" ind1="2" ind2=" "><marc:subfield code="a">Open Textbook Library.</marc:subfield></marc:datafield><marc:datafield tag="710" ind1="2" ind2=" "><marc:subfield code="a">BC Open Textbook Project.</marc:subfield></marc:datafield><marc:datafield tag="710" ind1="2" ind2=" "><marc:subfield code="a">BCcampus.</marc:subfield></marc:datafield><marc:datafield tag="830" ind1=" " ind2="0"><marc:subfield code="a">Open Textbook Library.</marc:subfield></marc:datafield><marc:datafield tag="856" ind1="4" ind2="0"><marc:subfield code="3">BC Open Textbook Project title homepage.</marc:subfield><marc:subfield code="u">https://open.bccampus.ca/find-open-textbooks/?uuid=ca3ef877-1f08-479d-a085-420121782a31&amp;contributor=&amp;keyword=&amp;subject=</marc:subfield></marc:datafield><marc:datafield tag="856" ind1="4" ind2="0"><marc:subfield code="3">BC Open Textbook Project.</marc:subfield><marc:subfield code="u">http://solr.bccampus.ca:8001/bcc/file/ca3ef877-1f08-479d-a085-420121782a31/1/Principles-of-Marketing-1483460975.pdf</marc:subfield></marc:datafield><marc:datafield tag="856" ind1="4" ind2="0"><marc:subfield code="3">HTML file.</marc:subfield><marc:subfield code="u">https://open.umn.edu/opentextbooks/BookDetail.aspx?bookId=50</marc:subfield></marc:datafield></marc:record>