
<marc:record><marc:leader>02232nai a2200325Ia 4500</marc:leader>
<marc:controlfield tag="001">bcotR000187</marc:controlfield>
<marc:controlfield tag="005">20170411163150.0</marc:controlfield><marc:controlfield tag="006">m     o  d        </marc:controlfield><marc:controlfield tag="007">cr cn|||||||||</marc:controlfield><marc:controlfield tag="008">170411c20159999bccuu   o     0    2eng d</marc:controlfield><marc:datafield tag="040" ind1=" " ind2=" "><marc:subfield code="a">K6U</marc:subfield><marc:subfield code="e">rda</marc:subfield><marc:subfield code="c">K6U</marc:subfield></marc:datafield><marc:datafield tag="035" ind1=" " ind2=" "><marc:subfield code="a">(OCoLC)982127523</marc:subfield></marc:datafield><marc:datafield tag="050" ind1=" " ind2="4"><marc:subfield code="a">HV3004</marc:subfield><marc:subfield code="b">.M45 2015eb</marc:subfield></marc:datafield><marc:datafield tag="100" ind1="1" ind2=" "><marc:subfield code="a">Melrose, Sherri,</marc:subfield><marc:subfield code="e">author</marc:subfield></marc:datafield><marc:datafield tag="245" ind1="1" ind2="0"><marc:subfield code="a">Supporting individuals with intellectual disabilities &amp; mental illness</marc:subfield><marc:subfield code="b">what caregivers need to know /</marc:subfield><marc:subfield code="c">Sherri Melrose, Ph.D.,  and contributing authors Debra Dusome, MA, John Simpson, M.Ed., Cheryl Crocker, Ph.D., Elizabeth Athens, Ph.D.</marc:subfield></marc:datafield><marc:datafield tag="246" ind1="3" ind2=" "><marc:subfield code="a">Supporting individuals with intellectual disabilities and mental illness</marc:subfield></marc:datafield><marc:datafield tag="260" ind1=" " ind2=" "><marc:subfield code="a">[Victoria] :</marc:subfield><marc:subfield code="b">BCcampus, BC Open Textbook Project</marc:subfield><marc:subfield code="c">2015-</marc:subfield></marc:datafield><marc:datafield tag="300" ind1=" " ind2=" "><marc:subfield code="a">1 online resource</marc:subfield></marc:datafield><marc:datafield tag="310" ind1=" " ind2=" "><marc:subfield code="a">Updated irregularly</marc:subfield></marc:datafield><marc:datafield tag="516" ind1=" " ind2=" "><marc:subfield code="a">Text (HTML), electronic book.</marc:subfield></marc:datafield><marc:datafield tag="520" ind1=" " ind2=" "><marc:subfield code="a">&quot;This multidisciplinary resource develops topics of interest to all those who care about and for individuals with co-occurring intellectual disabilities and mental illness. Each chapter presents current evidence informed practice knowledge. Each topic is also presented with audio enabled text boxes emphasizing 'Key Points for Caregivers.' For those who are interested in background knowledge, we provided the comprehensive literature base. And, for those interested mainly in 'what to do, ' we provided text box summaries for reading and listening.&quot;--BC Campus website.</marc:subfield></marc:datafield><marc:datafield tag="550" ind1=" " ind2=" "><marc:subfield code="a">Made available online by British Columbia Open Campus.</marc:subfield></marc:datafield><marc:datafield tag="590" ind1=" " ind2=" "><marc:subfield code="a">Made available online by BCcampus, BC Open Textbook Project.</marc:subfield></marc:datafield><marc:datafield tag="650" ind1=" " ind2="0"><marc:subfield code="a">Mentally ill</marc:subfield><marc:subfield code="x">Home care</marc:subfield><marc:subfield code="v">Textbooks.</marc:subfield></marc:datafield><marc:datafield tag="650" ind1=" " ind2="0"><marc:subfield code="a">People with mental disabilities</marc:subfield><marc:subfield code="x">Home care</marc:subfield><marc:subfield code="v">Textbooks.</marc:subfield></marc:datafield><marc:datafield tag="655" ind1=" " ind2="0"><marc:subfield code="a">Electronic books.</marc:subfield></marc:datafield><marc:datafield tag="700" ind1="1" ind2=" "><marc:subfield code="a">Dusome, Debra,</marc:subfield><marc:subfield code="e">author</marc:subfield></marc:datafield><marc:datafield tag="856" ind1="4" ind2="0"><marc:subfield code="3">BC Open Textbook Project homepage.</marc:subfield><marc:subfield code="u">http://open.bccampus.ca/find-open-textbooks/?uuid=5872a030-f5d9-4ea3-a9d2-696a99c005dc&amp;contributor=&amp;keyword=&amp;subject=</marc:subfield></marc:datafield><marc:datafield tag="856" ind1="4" ind2="0"><marc:subfield code="3">BC Open Textbook Project PDF.</marc:subfield><marc:subfield code="u">http://solr.bccampus.ca:8001/bcc/items/5872a030-f5d9-4ea3-a9d2-696a99c005dc/1/?attachment.uuid=a9f8dfbd-8f20-4865-a5e4-0775b0d3eee6</marc:subfield></marc:datafield><marc:datafield tag="856" ind1="4" ind2="0"><marc:subfield code="3">BC Open Textbook Project HTML version.</marc:subfield><marc:subfield code="u">https://opentextbc.ca/caregivers</marc:subfield></marc:datafield></marc:record>