
<marc:record><marc:leader>02599cam a2200313 a 4500</marc:leader>
<marc:controlfield tag="001">bcotA000206</marc:controlfield>
<marc:controlfield tag="005">20170726100526.0</marc:controlfield><marc:controlfield tag="006">m        u        </marc:controlfield><marc:controlfield tag="007">cr cn ---uuuuu</marc:controlfield><marc:controlfield tag="008">170726s2017    bcc     o     000 0 eng d</marc:controlfield><marc:datafield tag="035" ind1=" " ind2=" "><marc:subfield code="a">(OCoLC)1000616343</marc:subfield></marc:datafield><marc:datafield tag="037" ind1=" " ind2=" "><marc:subfield code="b">BCOpenCampus</marc:subfield><marc:subfield code="c">CostFree</marc:subfield><marc:subfield code="f">FormOnline</marc:subfield><marc:subfield code="g">AccessOpen</marc:subfield></marc:datafield><marc:datafield tag="040" ind1=" " ind2=" "><marc:subfield code="a">BNM</marc:subfield><marc:subfield code="b">eng</marc:subfield><marc:subfield code="e"></marc:subfield><marc:subfield code="d">CaBSKC</marc:subfield></marc:datafield><marc:datafield tag="050" ind1=" " ind2="4"><marc:subfield code="a">LB1044.88</marc:subfield><marc:subfield code="b">D66 2017eb</marc:subfield></marc:datafield><marc:datafield tag="100" ind1="1" ind2=" "><marc:subfield code="a">Donner, Sue.</marc:subfield></marc:datafield><marc:datafield tag="245" ind1="1" ind2="0"><marc:subfield code="a">OER toolkit for trades instructors</marc:subfield><marc:subfield code="b">adopting an open education resource &amp; integrating it into a trades course /</marc:subfield><marc:subfield code="c">Sue Donner, Susan Chandler.</marc:subfield></marc:datafield><marc:datafield tag="246" ind1="3" ind2=" "><marc:subfield code="a">Open education resource toolkit for trades instructors</marc:subfield></marc:datafield><marc:datafield tag="260" ind1=" " ind2=" "><marc:subfield code="a">[Victoria] :</marc:subfield><marc:subfield code="b">BCcampus, BC Open Textbook Project,</marc:subfield><marc:subfield code="c">[2017?]</marc:subfield></marc:datafield><marc:datafield tag="300" ind1=" " ind2=" "><marc:subfield code="a">1 online resource (vii, 35 pages)</marc:subfield></marc:datafield><marc:datafield tag="520" ind1=" " ind2=" "><marc:subfield code="a">&quot;The &quot;OER Toolkit for Trades Instructors: Adopting an Open Education Resource &amp; Integrating it into a Trades Course&quot; illustrates a snapshot of the OER adoption process. This Toolkit is designed to answer questions posed by BC Trades instructors specifically, but the steps described will also support similar projects in other disciplines and programs. The Toolkit is presented in the form of a (possible) case study, which is based on questions and issues shared by Trades instructors from three BC post-secondary institutions: Camosun College, Kwantlen Polytechnic University, and University of the Fraser Valley. OER Toolkit for Trades Instructors includes a quick reference guide of definitions, summary of a sample course, a step-by-step guide to implementing course revisions and OER adoption, links to external resources, a sample module and a range of best practice examples. Following three phases of an adoption process (Phase - Take stock; Phase 2 - Make a plan; Phase 3 - Adopt and evaluate), the Toolkit also explores the motivation of the user and why instructors adopt OERs&quot;--BC Campus website.</marc:subfield></marc:datafield><marc:datafield tag="588" ind1=" " ind2=" "><marc:subfield code="a">Description based on online resource; title from pdf title page (viewed on July 26, 2017).</marc:subfield></marc:datafield><marc:datafield tag="650" ind1=" " ind2="0"><marc:subfield code="a">Teaching</marc:subfield><marc:subfield code="x">Aids and devices</marc:subfield><marc:subfield code="v">Textbooks.</marc:subfield></marc:datafield><marc:datafield tag="655" ind1=" " ind2="0"><marc:subfield code="a">Electronic books.</marc:subfield></marc:datafield><marc:datafield tag="700" ind1="1" ind2=" "><marc:subfield code="a">Chandler, Susan.</marc:subfield></marc:datafield><marc:datafield tag="710" ind1="2" ind2=" "><marc:subfield code="a">BC Open Textbook Project.</marc:subfield></marc:datafield><marc:datafield tag="710" ind1="2" ind2=" "><marc:subfield code="a">BCcampus.</marc:subfield></marc:datafield><marc:datafield tag="856" ind1="4" ind2="0"><marc:subfield code="3">BC Open Textbook Project title homepage.</marc:subfield><marc:subfield code="u">https://open.bccampus.ca/find-open-textbooks/?uuid=0ef384b6-7f74-44f0-ada2-5def6fb934cb&amp;contributor=&amp;keyword=&amp;subject=</marc:subfield></marc:datafield><marc:datafield tag="856" ind1="4" ind2="0"><marc:subfield code="3">BC Open Textbook Project.</marc:subfield><marc:subfield code="u">http://solr.bccampus.ca:8001/bcc/file/0ef384b6-7f74-44f0-ada2-5def6fb934cb/1/OER-Toolkit-for-Trades-Instructors-1498234639._print.pdf</marc:subfield></marc:datafield><marc:datafield tag="856" ind1="4" ind2="0"><marc:subfield code="3">HTML file.</marc:subfield><marc:subfield code="u">https://pressbooks.bccampus.ca/oertoolkitfortrades/</marc:subfield></marc:datafield></marc:record>