
<marc:record><marc:leader>02092cai a2200337Ii 4500</marc:leader>
<marc:controlfield tag="001">bcotA000208</marc:controlfield>
<marc:controlfield tag="005">20170824171515.0</marc:controlfield><marc:controlfield tag="006">m        d        </marc:controlfield><marc:controlfield tag="007">cr cn|---uuuuu</marc:controlfield><marc:controlfield tag="008">170823c20169999bccuu w o     0    2eng d</marc:controlfield><marc:datafield tag="040" ind1=" " ind2=" "><marc:subfield code="a">K6U</marc:subfield><marc:subfield code="b">eng</marc:subfield><marc:subfield code="c">K6U</marc:subfield><marc:subfield code="d">K6U</marc:subfield></marc:datafield><marc:datafield tag="035" ind1=" " ind2=" "><marc:subfield code="a">(OCoLC)1001572573</marc:subfield></marc:datafield><marc:datafield tag="050" ind1=" " ind2="4"><marc:subfield code="a">LB1044.88</marc:subfield><marc:subfield code="b">A473 2016eb</marc:subfield></marc:datafield><marc:datafield tag="100" ind1="1" ind2=" "><marc:subfield code="a">Aesoph, Lauri.</marc:subfield></marc:datafield><marc:datafield tag="245" ind1="1" ind2="0"><marc:subfield code="a">BC open textbook adoption guide</marc:subfield><marc:subfield code="b">a guide to adopting an open textbook /</marc:subfield><marc:subfield code="c">Lauri Aesoph ; Caroline Daniels, Farhad Dastur, David Harper, Inba Kehoe, Gail Morong, Lucas Wright.</marc:subfield></marc:datafield><marc:datafield tag="246" ind1="3" ind2=" "><marc:subfield code="a">B.C. open textbook adoption guide</marc:subfield></marc:datafield><marc:datafield tag="246" ind1="3" ind2=" "><marc:subfield code="a">British Columbia open textbook adoption guide</marc:subfield></marc:datafield><marc:datafield tag="260" ind1=" " ind2=" "><marc:subfield code="a">[Victoria] :</marc:subfield><marc:subfield code="b">BCcampus, BC Open Textbook Project,</marc:subfield><marc:subfield code="c">2016-</marc:subfield></marc:datafield><marc:datafield tag="300" ind1=" " ind2=" "><marc:subfield code="a">1 online resource </marc:subfield></marc:datafield><marc:datafield tag="310" ind1=" " ind2=" "><marc:subfield code="a">Updated irregularly</marc:subfield></marc:datafield><marc:datafield tag="520" ind1=" " ind2=" "><marc:subfield code="a">&quot;This guide was created by the B.C. Open Textbook Project with the assistance of several faculty and staff that attended our Adoption Workshop Development Sprint on March 31-April 1, 2016, in Vancouver. We thank Caroline Daniels and Dr. Farhad Dastur (Kwantlen Polytechnic University), Inba Kehoe (University of Victoria), Dr. David Harper (University of the Fraser Valley), Lucas Wright (UBC), and Gail Morong (Thompson Rivers University). This guide continues to be an ever evolving resource that will be updated as required&quot;--BC Campus website.</marc:subfield></marc:datafield><marc:datafield tag="588" ind1=" " ind2=" "><marc:subfield code="a">Description based on online resource; title from pdf title page (viewed on August 18, 2017).</marc:subfield></marc:datafield><marc:datafield tag="650" ind1=" " ind2="0"><marc:subfield code="a">Teaching</marc:subfield><marc:subfield code="x">Aids and devices</marc:subfield><marc:subfield code="v">Textbooks.</marc:subfield></marc:datafield><marc:datafield tag="655" ind1=" " ind2="0"><marc:subfield code="a">Electronic books.</marc:subfield></marc:datafield><marc:datafield tag="700" ind1="1" ind2=" "><marc:subfield code="a">Daniels, Caroline.</marc:subfield></marc:datafield><marc:datafield tag="700" ind1="1" ind2=" "><marc:subfield code="a">Dastur, Farhad.</marc:subfield></marc:datafield><marc:datafield tag="710" ind1="2" ind2=" "><marc:subfield code="a">BC Open Textbook Project.</marc:subfield></marc:datafield><marc:datafield tag="710" ind1="2" ind2=" "><marc:subfield code="a">BCcampus.</marc:subfield></marc:datafield><marc:datafield tag="856" ind1="4" ind2="0"><marc:subfield code="3">BC Open Textbook Project title homepage.</marc:subfield><marc:subfield code="u">https://open.bccampus.ca/find-open-textbooks/?uuid=aaccbd63-e1a5-4978-ab8f-f5d7b1bf42ec&amp;contributor=&amp;keyword=&amp;subject=</marc:subfield></marc:datafield><marc:datafield tag="856" ind1="4" ind2="0"><marc:subfield code="3">BC Open Textbook Project.</marc:subfield><marc:subfield code="u">http://solr.bccampus.ca:8001/bcc/file/aaccbd63-e1a5-4978-ab8f-f5d7b1bf42ec/1/BC-Open-Textbook-Adoption-Guide-1502483621._print.pdf</marc:subfield></marc:datafield><marc:datafield tag="856" ind1="4" ind2="0"><marc:subfield code="3">HTML file.</marc:subfield><marc:subfield code="u">https://opentextbc.ca/adoptopentextbook/</marc:subfield></marc:datafield></marc:record>