
<marc:record><marc:leader>02094cam a2200337 a 4500</marc:leader>
<marc:controlfield tag="001">bcotA000209</marc:controlfield>
<marc:controlfield tag="005">20170817092718.0</marc:controlfield><marc:controlfield tag="006">m        u        </marc:controlfield><marc:controlfield tag="007">cr cn ---uuuuu</marc:controlfield><marc:controlfield tag="008">170817s2016    bcc     o     000 0 eng d</marc:controlfield><marc:datafield tag="035" ind1=" " ind2=" "><marc:subfield code="a">(OCoLC)1001572651</marc:subfield></marc:datafield><marc:datafield tag="037" ind1=" " ind2=" "><marc:subfield code="b">BCOpenCampus</marc:subfield><marc:subfield code="c">CostFree</marc:subfield><marc:subfield code="f">FormOnline</marc:subfield><marc:subfield code="g">AccessOpen</marc:subfield></marc:datafield><marc:datafield tag="040" ind1=" " ind2=" "><marc:subfield code="a">CaBSKC</marc:subfield><marc:subfield code="b">eng</marc:subfield><marc:subfield code="e"></marc:subfield><marc:subfield code="c">CaBSKC</marc:subfield></marc:datafield><marc:datafield tag="050" ind1=" " ind2="4"><marc:subfield code="a">LB1044.88</marc:subfield><marc:subfield code="b">M86 2016eb</marc:subfield></marc:datafield><marc:datafield tag="100" ind1="1" ind2=" "><marc:subfield code="a">Munro, Daniel.</marc:subfield></marc:datafield><marc:datafield tag="245" ind1="1" ind2="0"><marc:subfield code="a">BCcampus OER student toolkit</marc:subfield><marc:subfield code="b">an advocacy guide for student leaders /</marc:subfield><marc:subfield code="c">Daniel Munro, Jenna Omassi, and Brady Yano.</marc:subfield></marc:datafield><marc:datafield tag="246" ind1="3" ind2=" "><marc:subfield code="a">BC campus OER student toolkit</marc:subfield></marc:datafield><marc:datafield tag="246" ind1="3" ind2=" "><marc:subfield code="a">British Columbia campus open education resource student toolkit</marc:subfield></marc:datafield><marc:datafield tag="260" ind1=" " ind2=" "><marc:subfield code="a">[Victoria] :</marc:subfield><marc:subfield code="b">BCcampus, BC Open Textbook Project,</marc:subfield><marc:subfield code="c">2016.</marc:subfield></marc:datafield><marc:datafield tag="300" ind1=" " ind2=" "><marc:subfield code="a">1 online resource (vii, 16 pages)</marc:subfield></marc:datafield><marc:datafield tag="520" ind1=" " ind2=" "><marc:subfield code="a">&quot;Student support and advocacy for OER is important to ensure that OER gain or continue to build momentum on campuses, bring together community members, and push for the adoption and creation of resources. This toolkit provides information on how interested student societies/associations as well as individual students can successfully advocate for greater OER adoption on campus. Primarily designed to serve post-secondary students in Canada working to support open education, we hope this toolkit will be useful to students from any country&quot;--BC Campus website.</marc:subfield></marc:datafield><marc:datafield tag="588" ind1=" " ind2=" "><marc:subfield code="a">Description based on online resource; title from pdf title page (viewed on August 18, 2017).</marc:subfield></marc:datafield><marc:datafield tag="650" ind1=" " ind2="0"><marc:subfield code="a">Teaching</marc:subfield><marc:subfield code="x">Aids and devices</marc:subfield><marc:subfield code="v">Textbooks.</marc:subfield></marc:datafield><marc:datafield tag="655" ind1=" " ind2="0"><marc:subfield code="a">Electronic books.</marc:subfield></marc:datafield><marc:datafield tag="700" ind1="1" ind2=" "><marc:subfield code="a">Omassi, Jenna.</marc:subfield></marc:datafield><marc:datafield tag="700" ind1="1" ind2=" "><marc:subfield code="a">Yano, Brady.</marc:subfield></marc:datafield><marc:datafield tag="710" ind1="2" ind2=" "><marc:subfield code="a">BC Open Textbook Project.</marc:subfield></marc:datafield><marc:datafield tag="710" ind1="2" ind2=" "><marc:subfield code="a">BCcampus.</marc:subfield></marc:datafield><marc:datafield tag="856" ind1="4" ind2="0"><marc:subfield code="3">BC Open Textbook Project title homepage.</marc:subfield><marc:subfield code="u">https://open.bccampus.ca/find-open-textbooks/?uuid=55b789e4-c4a3-42d3-8125-b43943f211f0&amp;contributor=&amp;keyword=&amp;subject=</marc:subfield></marc:datafield><marc:datafield tag="856" ind1="4" ind2="0"><marc:subfield code="3">BC Open Textbook Project.</marc:subfield><marc:subfield code="u">http://solr.bccampus.ca:8001/bcc/file/55b789e4-c4a3-42d3-8125-b43943f211f0/1/BCcampus-OER-Student-Toolkit-1502483332._print.pdf</marc:subfield></marc:datafield><marc:datafield tag="856" ind1="4" ind2="0"><marc:subfield code="3">HTML file.</marc:subfield><marc:subfield code="u">https://opentextbc.ca/studenttoolkit/</marc:subfield></marc:datafield></marc:record>